%YAML 1.1
%TAG !u! tag:unity3d.com,2011:
--- !u!1 &158921128
GameObject:
  m_ObjectHideFlags: 0
  m_CorrespondingSourceObject: {fileID: 0}
  m_PrefabInstance: {fileID: 0}
  m_PrefabAsset: {fileID: 0}
  serializedVersion: 6
  m_Component:
  - component: {fileID: 158921129}
  - component: {fileID: 158921131}
  - component: {fileID: 158921130}
  m_Layer: 0
  m_Name: TMP SubMeshUI [Ubuntu-R SDF Material + LiberationSans SDF Atlas]
  m_TagString: Untagged
  m_Icon: {fileID: 0}
  m_NavMeshLayer: 0
  m_StaticEditorFlags: 0
  m_IsActive: 1
--- !u!224 &158921129
RectTransform:
  m_ObjectHideFlags: 0
  m_CorrespondingSourceObject: {fileID: 0}
  m_PrefabInstance: {fileID: 0}
  m_PrefabAsset: {fileID: 0}
  m_GameObject: {fileID: 158921128}
  m_LocalRotation: {x: 0, y: 0, z: 0, w: 1}
  m_LocalPosition: {x: 0, y: 0, z: 0}
  m_LocalScale: {x: 1, y: 1, z: 1}
  m_Children: []
  m_Father: {fileID: 5958451888847679906}
  m_RootOrder: 0
  m_LocalEulerAnglesHint: {x: 0, y: 0, z: 0}
  m_AnchorMin: {x: 0, y: 0}
  m_AnchorMax: {x: 1, y: 1}
  m_AnchoredPosition: {x: 0, y: 0}
  m_SizeDelta: {x: 0, y: 0}
  m_Pivot: {x: 0.5, y: 0.5}
--- !u!222 &158921131
CanvasRenderer:
  m_ObjectHideFlags: 0
  m_CorrespondingSourceObject: {fileID: 0}
  m_PrefabInstance: {fileID: 0}
  m_PrefabAsset: {fileID: 0}
  m_GameObject: {fileID: 158921128}
  m_CullTransparentMesh: 0
--- !u!114 &158921130
MonoBehaviour:
  m_ObjectHideFlags: 0
  m_CorrespondingSourceObject: {fileID: 0}
  m_PrefabInstance: {fileID: 0}
  m_PrefabAsset: {fileID: 0}
  m_GameObject: {fileID: 158921128}
  m_Enabled: 1
  m_EditorHideFlags: 0
  m_Script: {fileID: 11500000, guid: 058cba836c1846c3aa1c5fd2e28aea77, type: 3}
  m_Name: 
  m_EditorClassIdentifier: 
  m_Material: {fileID: 0}
  m_Color: {r: 1, g: 1, b: 1, a: 1}
  m_RaycastTarget: 1
  m_OnCullStateChanged:
    m_PersistentCalls:
      m_Calls: []
    m_TypeName: UnityEngine.UI.MaskableGraphic+CullStateChangedEvent, UnityEngine.UI,
      Version=1.0.0.0, Culture=neutral, PublicKeyToken=null
  m_fontAsset: {fileID: 11400000, guid: 8f586378b4e144a9851e7b34d9b748ee, type: 2}
  m_spriteAsset: {fileID: 0}
  m_material: {fileID: 0}
  m_sharedMaterial: {fileID: 0}
  m_isDefaultMaterial: 0
  m_padding: 0
  m_canvasRenderer: {fileID: 158921131}
  m_TextComponent: {fileID: 1157320907530754498}
  m_materialReferenceIndex: 1
--- !u!1 &633098793
GameObject:
  m_ObjectHideFlags: 0
  m_CorrespondingSourceObject: {fileID: 0}
  m_PrefabInstance: {fileID: 0}
  m_PrefabAsset: {fileID: 0}
  serializedVersion: 6
  m_Component:
  - component: {fileID: 633098794}
  - component: {fileID: 633098796}
  - component: {fileID: 633098795}
  m_Layer: 0
  m_Name: TMP SubMeshUI [Ubuntu-R SDF Material + LiberationSans SDF Atlas]
  m_TagString: Untagged
  m_Icon: {fileID: 0}
  m_NavMeshLayer: 0
  m_StaticEditorFlags: 0
  m_IsActive: 1
--- !u!224 &633098794
RectTransform:
  m_ObjectHideFlags: 0
  m_CorrespondingSourceObject: {fileID: 0}
  m_PrefabInstance: {fileID: 0}
  m_PrefabAsset: {fileID: 0}
  m_GameObject: {fileID: 633098793}
  m_LocalRotation: {x: 0, y: 0, z: 0, w: 1}
  m_LocalPosition: {x: 0, y: 0, z: 0}
  m_LocalScale: {x: 1, y: 1, z: 1}
  m_Children: []
  m_Father: {fileID: 5958451888971669542}
  m_RootOrder: 0
  m_LocalEulerAnglesHint: {x: 0, y: 0, z: 0}
  m_AnchorMin: {x: 0, y: 0}
  m_AnchorMax: {x: 1, y: 1}
  m_AnchoredPosition: {x: 0, y: 0}
  m_SizeDelta: {x: 0, y: 0}
  m_Pivot: {x: 0.5, y: 0.5}
--- !u!222 &633098796
CanvasRenderer:
  m_ObjectHideFlags: 0
  m_CorrespondingSourceObject: {fileID: 0}
  m_PrefabInstance: {fileID: 0}
  m_PrefabAsset: {fileID: 0}
  m_GameObject: {fileID: 633098793}
  m_CullTransparentMesh: 0
--- !u!114 &633098795
MonoBehaviour:
  m_ObjectHideFlags: 0
  m_CorrespondingSourceObject: {fileID: 0}
  m_PrefabInstance: {fileID: 0}
  m_PrefabAsset: {fileID: 0}
  m_GameObject: {fileID: 633098793}
  m_Enabled: 1
  m_EditorHideFlags: 0
  m_Script: {fileID: 11500000, guid: 058cba836c1846c3aa1c5fd2e28aea77, type: 3}
  m_Name: 
  m_EditorClassIdentifier: 
  m_Material: {fileID: 0}
  m_Color: {r: 1, g: 1, b: 1, a: 1}
  m_RaycastTarget: 1
  m_OnCullStateChanged:
    m_PersistentCalls:
      m_Calls: []
    m_TypeName: UnityEngine.UI.MaskableGraphic+CullStateChangedEvent, UnityEngine.UI,
      Version=1.0.0.0, Culture=neutral, PublicKeyToken=null
  m_fontAsset: {fileID: 11400000, guid: 8f586378b4e144a9851e7b34d9b748ee, type: 2}
  m_spriteAsset: {fileID: 0}
  m_material: {fileID: 0}
  m_sharedMaterial: {fileID: 0}
  m_isDefaultMaterial: 0
  m_padding: 0
  m_canvasRenderer: {fileID: 633098796}
  m_TextComponent: {fileID: 1157320907722377286}
  m_materialReferenceIndex: 1
--- !u!1 &1332579079
GameObject:
  m_ObjectHideFlags: 0
  m_CorrespondingSourceObject: {fileID: 0}
  m_PrefabInstance: {fileID: 0}
  m_PrefabAsset: {fileID: 0}
  serializedVersion: 6
  m_Component:
  - component: {fileID: 1332579080}
  - component: {fileID: 1332579081}
  m_Layer: 0
  m_Name: iFeld-Icon
  m_TagString: Untagged
  m_Icon: {fileID: 0}
  m_NavMeshLayer: 0
  m_StaticEditorFlags: 0
  m_IsActive: 1
--- !u!4 &1332579080
Transform:
  m_ObjectHideFlags: 0
  m_CorrespondingSourceObject: {fileID: 0}
  m_PrefabInstance: {fileID: 0}
  m_PrefabAsset: {fileID: 0}
  m_GameObject: {fileID: 1332579079}
  m_LocalRotation: {x: -0, y: -0, z: -0, w: 1}
  m_LocalPosition: {x: 0.055918608, y: 0.17085794, z: -2}
  m_LocalScale: {x: 0.116480954, y: 0.17926018, z: 100}
  m_Children:
  - {fileID: 5958451888971669542}
  m_Father: {fileID: 5891028166134397327}
  m_RootOrder: 6
  m_LocalEulerAnglesHint: {x: 0, y: 0, z: 0}
--- !u!212 &1332579081
SpriteRenderer:
  m_ObjectHideFlags: 0
  m_CorrespondingSourceObject: {fileID: 0}
  m_PrefabInstance: {fileID: 0}
  m_PrefabAsset: {fileID: 0}
  m_GameObject: {fileID: 1332579079}
  m_Enabled: 1
  m_CastShadows: 0
  m_ReceiveShadows: 0
  m_DynamicOccludee: 1
  m_MotionVectors: 1
  m_LightProbeUsage: 1
  m_ReflectionProbeUsage: 1
  m_RenderingLayerMask: 1
  m_RendererPriority: 0
  m_Materials:
  - {fileID: 10754, guid: 0000000000000000f000000000000000, type: 0}
  m_StaticBatchInfo:
    firstSubMesh: 0
    subMeshCount: 0
  m_StaticBatchRoot: {fileID: 0}
  m_ProbeAnchor: {fileID: 0}
  m_LightProbeVolumeOverride: {fileID: 0}
  m_ScaleInLightmap: 1
  m_PreserveUVs: 0
  m_IgnoreNormalsForChartDetection: 0
  m_ImportantGI: 0
  m_StitchLightmapSeams: 0
  m_SelectedEditorRenderState: 0
  m_MinimumChartSize: 4
  m_AutoUVMaxDistance: 0.5
  m_AutoUVMaxAngle: 89
  m_LightmapParameters: {fileID: 0}
  m_SortingLayerID: 0
  m_SortingLayer: 0
  m_SortingOrder: 0
  m_Sprite: {fileID: 21300000, guid: bca4aa496734477429c6f55c561e9f58, type: 3}
  m_Color: {r: 1, g: 1, b: 1, a: 1}
  m_FlipX: 0
  m_FlipY: 0
  m_DrawMode: 0
  m_Size: {x: 1.12, y: 1.06}
  m_AdaptiveModeThreshold: 0.5
  m_SpriteTileMode: 0
  m_WasSpriteAssigned: 1
  m_MaskInteraction: 0
  m_SpriteSortPoint: 0
--- !u!1 &1934229514
GameObject:
  m_ObjectHideFlags: 0
  m_CorrespondingSourceObject: {fileID: 0}
  m_PrefabInstance: {fileID: 0}
  m_PrefabAsset: {fileID: 0}
  serializedVersion: 6
  m_Component:
  - component: {fileID: 1934229515}
  - component: {fileID: 1934229516}
  m_Layer: 0
  m_Name: DragDropIcon
  m_TagString: Untagged
  m_Icon: {fileID: 0}
  m_NavMeshLayer: 0
  m_StaticEditorFlags: 0
  m_IsActive: 1
--- !u!4 &1934229515
Transform:
  m_ObjectHideFlags: 0
  m_CorrespondingSourceObject: {fileID: 0}
  m_PrefabInstance: {fileID: 0}
  m_PrefabAsset: {fileID: 0}
  m_GameObject: {fileID: 1934229514}
  m_LocalRotation: {x: -0, y: -0, z: -0, w: 1}
  m_LocalPosition: {x: 0.055918608, y: -0.24721892, z: -2}
  m_LocalScale: {x: 0.11648098, y: 0.17926015, z: 100}
  m_Children:
  - {fileID: 5958451888847679906}
  m_Father: {fileID: 5891028166134397327}
  m_RootOrder: 5
  m_LocalEulerAnglesHint: {x: 0, y: 0, z: 0}
--- !u!212 &1934229516
SpriteRenderer:
  m_ObjectHideFlags: 0
  m_CorrespondingSourceObject: {fileID: 0}
  m_PrefabInstance: {fileID: 0}
  m_PrefabAsset: {fileID: 0}
  m_GameObject: {fileID: 1934229514}
  m_Enabled: 1
  m_CastShadows: 0
  m_ReceiveShadows: 0
  m_DynamicOccludee: 1
  m_MotionVectors: 1
  m_LightProbeUsage: 1
  m_ReflectionProbeUsage: 1
  m_RenderingLayerMask: 1
  m_RendererPriority: 0
  m_Materials:
  - {fileID: 10754, guid: 0000000000000000f000000000000000, type: 0}
  m_StaticBatchInfo:
    firstSubMesh: 0
    subMeshCount: 0
  m_StaticBatchRoot: {fileID: 0}
  m_ProbeAnchor: {fileID: 0}
  m_LightProbeVolumeOverride: {fileID: 0}
  m_ScaleInLightmap: 1
  m_PreserveUVs: 0
  m_IgnoreNormalsForChartDetection: 0
  m_ImportantGI: 0
  m_StitchLightmapSeams: 0
  m_SelectedEditorRenderState: 0
  m_MinimumChartSize: 4
  m_AutoUVMaxDistance: 0.5
  m_AutoUVMaxAngle: 89
  m_LightmapParameters: {fileID: 0}
  m_SortingLayerID: 0
  m_SortingLayer: 0
  m_SortingOrder: 0
  m_Sprite: {fileID: 21300000, guid: 04cc922d5524fe34faecebb8aab98e83, type: 3}
  m_Color: {r: 1, g: 1, b: 1, a: 1}
  m_FlipX: 0
  m_FlipY: 0
  m_DrawMode: 0
  m_Size: {x: 1.12, y: 1.06}
  m_AdaptiveModeThreshold: 0.5
  m_SpriteTileMode: 0
  m_WasSpriteAssigned: 1
  m_MaskInteraction: 0
  m_SpriteSortPoint: 0
--- !u!114 &2077018465
MonoBehaviour:
  m_ObjectHideFlags: 0
  m_CorrespondingSourceObject: {fileID: 0}
  m_PrefabInstance: {fileID: 0}
  m_PrefabAsset: {fileID: 0}
  m_GameObject: {fileID: 5891028166684127150}
  m_Enabled: 1
  m_EditorHideFlags: 0
  m_Script: {fileID: 11500000, guid: 45b3eff181cc4244a8a14234096e62fd, type: 3}
  m_Name: 
  m_EditorClassIdentifier: 
  isFocusRequired: 0
  keywords:
  - keyword: Close
    response:
      m_PersistentCalls:
        m_Calls:
        - m_Target: {fileID: 5891028166134397320}
          m_MethodName: SetActive
          m_Mode: 6
          m_Arguments:
            m_ObjectArgument: {fileID: 0}
            m_ObjectArgumentAssemblyTypeName: UnityEngine.Object, UnityEngine
            m_IntArgument: 0
            m_FloatArgument: 0
            m_StringArgument: 
            m_BoolArgument: 0
          m_CallState: 2
      m_TypeName: UnityEngine.Events.UnityEvent, UnityEngine.CoreModule, Version=0.0.0.0,
        Culture=neutral, PublicKeyToken=null
  persistentKeywords: 1
--- !u!1001 &7337983058007760515
PrefabInstance:
  m_ObjectHideFlags: 0
  serializedVersion: 2
  m_Modification:
    m_TransformParent: {fileID: 1332579080}
    m_Modifications:
    - target: {fileID: 202706002093308526, guid: f7352d6d87572c24e95ba5f63d874e6c,
        type: 3}
      propertyPath: m_Name
      value: ControlText
      objectReference: {fileID: 0}
    - target: {fileID: 3991716332470697637, guid: f7352d6d87572c24e95ba5f63d874e6c,
        type: 3}
      propertyPath: m_LocalPosition.x
      value: 0
      objectReference: {fileID: 0}
    - target: {fileID: 3991716332470697637, guid: f7352d6d87572c24e95ba5f63d874e6c,
        type: 3}
      propertyPath: m_LocalPosition.y
      value: 0
      objectReference: {fileID: 0}
    - target: {fileID: 3991716332470697637, guid: f7352d6d87572c24e95ba5f63d874e6c,
        type: 3}
      propertyPath: m_LocalPosition.z
      value: 0
      objectReference: {fileID: 0}
    - target: {fileID: 3991716332470697637, guid: f7352d6d87572c24e95ba5f63d874e6c,
        type: 3}
      propertyPath: m_LocalRotation.x
      value: -0
      objectReference: {fileID: 0}
    - target: {fileID: 3991716332470697637, guid: f7352d6d87572c24e95ba5f63d874e6c,
        type: 3}
      propertyPath: m_LocalRotation.y
      value: -0
      objectReference: {fileID: 0}
    - target: {fileID: 3991716332470697637, guid: f7352d6d87572c24e95ba5f63d874e6c,
        type: 3}
      propertyPath: m_LocalRotation.z
      value: -0
      objectReference: {fileID: 0}
    - target: {fileID: 3991716332470697637, guid: f7352d6d87572c24e95ba5f63d874e6c,
        type: 3}
      propertyPath: m_LocalRotation.w
      value: 1
      objectReference: {fileID: 0}
    - target: {fileID: 3991716332470697637, guid: f7352d6d87572c24e95ba5f63d874e6c,
        type: 3}
      propertyPath: m_RootOrder
      value: 0
      objectReference: {fileID: 0}
    - target: {fileID: 3991716332470697637, guid: f7352d6d87572c24e95ba5f63d874e6c,
        type: 3}
      propertyPath: m_LocalEulerAnglesHint.x
      value: 0
      objectReference: {fileID: 0}
    - target: {fileID: 3991716332470697637, guid: f7352d6d87572c24e95ba5f63d874e6c,
        type: 3}
      propertyPath: m_LocalEulerAnglesHint.y
      value: 0
      objectReference: {fileID: 0}
    - target: {fileID: 3991716332470697637, guid: f7352d6d87572c24e95ba5f63d874e6c,
        type: 3}
      propertyPath: m_LocalEulerAnglesHint.z
      value: 0
      objectReference: {fileID: 0}
    - target: {fileID: 3991716332470697637, guid: f7352d6d87572c24e95ba5f63d874e6c,
        type: 3}
      propertyPath: m_AnchoredPosition.x
      value: 1.25
      objectReference: {fileID: 0}
    - target: {fileID: 3991716332470697637, guid: f7352d6d87572c24e95ba5f63d874e6c,
        type: 3}
      propertyPath: m_AnchoredPosition.y
      value: -0.22
      objectReference: {fileID: 0}
    - target: {fileID: 3991716332470697637, guid: f7352d6d87572c24e95ba5f63d874e6c,
        type: 3}
      propertyPath: m_SizeDelta.x
      value: 218.92
      objectReference: {fileID: 0}
    - target: {fileID: 3991716332470697637, guid: f7352d6d87572c24e95ba5f63d874e6c,
        type: 3}
      propertyPath: m_SizeDelta.y
      value: 44.85
      objectReference: {fileID: 0}
    - target: {fileID: 3991716332470697637, guid: f7352d6d87572c24e95ba5f63d874e6c,
        type: 3}
      propertyPath: m_AnchorMin.x
      value: 0.5
      objectReference: {fileID: 0}
    - target: {fileID: 3991716332470697637, guid: f7352d6d87572c24e95ba5f63d874e6c,
        type: 3}
      propertyPath: m_AnchorMin.y
      value: 0.5
      objectReference: {fileID: 0}
    - target: {fileID: 3991716332470697637, guid: f7352d6d87572c24e95ba5f63d874e6c,
        type: 3}
      propertyPath: m_AnchorMax.x
      value: 0.5
      objectReference: {fileID: 0}
    - target: {fileID: 3991716332470697637, guid: f7352d6d87572c24e95ba5f63d874e6c,
        type: 3}
      propertyPath: m_AnchorMax.y
      value: 0.5
      objectReference: {fileID: 0}
    - target: {fileID: 3991716332470697637, guid: f7352d6d87572c24e95ba5f63d874e6c,
        type: 3}
      propertyPath: m_Pivot.x
      value: 0.5
      objectReference: {fileID: 0}
    - target: {fileID: 3991716332470697637, guid: f7352d6d87572c24e95ba5f63d874e6c,
        type: 3}
      propertyPath: m_Pivot.y
      value: 0.5
      objectReference: {fileID: 0}
    - target: {fileID: 3991716332470697637, guid: f7352d6d87572c24e95ba5f63d874e6c,
        type: 3}
      propertyPath: m_LocalScale.x
      value: 0.0040512327
      objectReference: {fileID: 0}
    - target: {fileID: 3991716332470697637, guid: f7352d6d87572c24e95ba5f63d874e6c,
        type: 3}
      propertyPath: m_LocalScale.y
      value: 0.0049016764
      objectReference: {fileID: 0}
    - target: {fileID: 8492207307182036677, guid: f7352d6d87572c24e95ba5f63d874e6c,
        type: 3}
      propertyPath: m_fontAsset
      value: 
      objectReference: {fileID: 11400000, guid: 9a9405abd8a9a2446b68d5a1be3afe8b,
        type: 2}
    - target: {fileID: 8492207307182036677, guid: f7352d6d87572c24e95ba5f63d874e6c,
        type: 3}
      propertyPath: m_sharedMaterial
      value: 
      objectReference: {fileID: 21588734554269080, guid: 9a9405abd8a9a2446b68d5a1be3afe8b,
        type: 2}
    - target: {fileID: 8492207307182036677, guid: f7352d6d87572c24e95ba5f63d874e6c,
        type: 3}
      propertyPath: m_textInfo.characterCount
      value: 241
      objectReference: {fileID: 0}
    - target: {fileID: 8492207307182036677, guid: f7352d6d87572c24e95ba5f63d874e6c,
        type: 3}
      propertyPath: m_textInfo.wordCount
      value: 35
      objectReference: {fileID: 0}
    - target: {fileID: 8492207307182036677, guid: f7352d6d87572c24e95ba5f63d874e6c,
        type: 3}
      propertyPath: m_textInfo.lineCount
      value: 8
      objectReference: {fileID: 0}
    - target: {fileID: 8492207307182036677, guid: f7352d6d87572c24e95ba5f63d874e6c,
        type: 3}
      propertyPath: m_textInfo.pageCount
      value: 1
      objectReference: {fileID: 0}
    - target: {fileID: 8492207307182036677, guid: f7352d6d87572c24e95ba5f63d874e6c,
        type: 3}
      propertyPath: m_fontColor.r
      value: 0
      objectReference: {fileID: 0}
    - target: {fileID: 8492207307182036677, guid: f7352d6d87572c24e95ba5f63d874e6c,
        type: 3}
      propertyPath: m_fontColor.g
      value: 0
      objectReference: {fileID: 0}
    - target: {fileID: 8492207307182036677, guid: f7352d6d87572c24e95ba5f63d874e6c,
        type: 3}
      propertyPath: m_fontColor.b
      value: 0
      objectReference: {fileID: 0}
    - target: {fileID: 8492207307182036677, guid: f7352d6d87572c24e95ba5f63d874e6c,
        type: 3}
      propertyPath: m_fontSize
      value: 36
      objectReference: {fileID: 0}
    - target: {fileID: 8492207307182036677, guid: f7352d6d87572c24e95ba5f63d874e6c,
        type: 3}
      propertyPath: m_fontSizeBase
      value: 36
      objectReference: {fileID: 0}
    - target: {fileID: 8492207307182036677, guid: f7352d6d87572c24e95ba5f63d874e6c,
        type: 3}
      propertyPath: m_fontColor32.rgba
      value: 4278190080
      objectReference: {fileID: 0}
    - target: {fileID: 8492207307182036677, guid: f7352d6d87572c24e95ba5f63d874e6c,
        type: 3}
      propertyPath: m_margin.z
      value: -489.69113
      objectReference: {fileID: 0}
    - target: {fileID: 8492207307182036677, guid: f7352d6d87572c24e95ba5f63d874e6c,
        type: 3}
      propertyPath: m_text
      value: 'The IFeld-Button is there to inform the user about the different components
        of the Capgemini AR-Designsystem.


        This Feature can be activated through AirTap-Gesture or through voice command.

        To open/close the informationpanel just say ''IFeld'''
      objectReference: {fileID: 0}
    - target: {fileID: 8492207307182036677, guid: f7352d6d87572c24e95ba5f63d874e6c,
        type: 3}
      propertyPath: m_textInfo.spaceCount
      value: 34
      objectReference: {fileID: 0}
    - target: {fileID: 8492207307182036677, guid: f7352d6d87572c24e95ba5f63d874e6c,
        type: 3}
      propertyPath: m_firstOverflowCharacterIndex
      value: 40
      objectReference: {fileID: 0}
    - target: {fileID: 8492207307182036677, guid: f7352d6d87572c24e95ba5f63d874e6c,
        type: 3}
      propertyPath: m_textInfo.materialCount
      value: 1
      objectReference: {fileID: 0}
    - target: {fileID: 8492207307182036677, guid: f7352d6d87572c24e95ba5f63d874e6c,
        type: 3}
      propertyPath: m_subTextObjects.Array.data[1]
      value: 
      objectReference: {fileID: 633098795}
    - target: {fileID: 8334667925777270705, guid: f7352d6d87572c24e95ba5f63d874e6c,
        type: 3}
      propertyPath: fontType
      value: 4
      objectReference: {fileID: 0}
    m_RemovedComponents: []
  m_SourcePrefab: {fileID: 100100000, guid: f7352d6d87572c24e95ba5f63d874e6c, type: 3}
--- !u!224 &5958451888971669542 stripped
RectTransform:
  m_CorrespondingSourceObject: {fileID: 3991716332470697637, guid: f7352d6d87572c24e95ba5f63d874e6c,
    type: 3}
  m_PrefabInstance: {fileID: 7337983058007760515}
  m_PrefabAsset: {fileID: 0}
--- !u!114 &1157320907722377286 stripped
MonoBehaviour:
  m_CorrespondingSourceObject: {fileID: 8492207307182036677, guid: f7352d6d87572c24e95ba5f63d874e6c,
    type: 3}
  m_PrefabInstance: {fileID: 7337983058007760515}
  m_PrefabAsset: {fileID: 0}
  m_GameObject: {fileID: 0}
  m_Enabled: 1
  m_EditorHideFlags: 0
  m_Script: {fileID: 11500000, guid: f4688fdb7df04437aeb418b961361dc5, type: 3}
  m_Name: 
  m_EditorClassIdentifier: 
--- !u!1001 &7337983058186800903
PrefabInstance:
  m_ObjectHideFlags: 0
  serializedVersion: 2
  m_Modification:
    m_TransformParent: {fileID: 1934229515}
    m_Modifications:
    - target: {fileID: 202706002093308526, guid: f7352d6d87572c24e95ba5f63d874e6c,
        type: 3}
      propertyPath: m_Name
      value: ControlText
      objectReference: {fileID: 0}
    - target: {fileID: 3991716332470697637, guid: f7352d6d87572c24e95ba5f63d874e6c,
        type: 3}
      propertyPath: m_LocalPosition.x
      value: 0
      objectReference: {fileID: 0}
    - target: {fileID: 3991716332470697637, guid: f7352d6d87572c24e95ba5f63d874e6c,
        type: 3}
      propertyPath: m_LocalPosition.y
      value: 0
      objectReference: {fileID: 0}
    - target: {fileID: 3991716332470697637, guid: f7352d6d87572c24e95ba5f63d874e6c,
        type: 3}
      propertyPath: m_LocalPosition.z
      value: 0
      objectReference: {fileID: 0}
    - target: {fileID: 3991716332470697637, guid: f7352d6d87572c24e95ba5f63d874e6c,
        type: 3}
      propertyPath: m_LocalRotation.x
      value: 0
      objectReference: {fileID: 0}
    - target: {fileID: 3991716332470697637, guid: f7352d6d87572c24e95ba5f63d874e6c,
        type: 3}
      propertyPath: m_LocalRotation.y
      value: 0
      objectReference: {fileID: 0}
    - target: {fileID: 3991716332470697637, guid: f7352d6d87572c24e95ba5f63d874e6c,
        type: 3}
      propertyPath: m_LocalRotation.z
      value: 0
      objectReference: {fileID: 0}
    - target: {fileID: 3991716332470697637, guid: f7352d6d87572c24e95ba5f63d874e6c,
        type: 3}
      propertyPath: m_LocalRotation.w
      value: 1
      objectReference: {fileID: 0}
    - target: {fileID: 3991716332470697637, guid: f7352d6d87572c24e95ba5f63d874e6c,
        type: 3}
      propertyPath: m_RootOrder
      value: 0
      objectReference: {fileID: 0}
    - target: {fileID: 3991716332470697637, guid: f7352d6d87572c24e95ba5f63d874e6c,
        type: 3}
      propertyPath: m_LocalEulerAnglesHint.x
      value: 0
      objectReference: {fileID: 0}
    - target: {fileID: 3991716332470697637, guid: f7352d6d87572c24e95ba5f63d874e6c,
        type: 3}
      propertyPath: m_LocalEulerAnglesHint.y
      value: 0
      objectReference: {fileID: 0}
    - target: {fileID: 3991716332470697637, guid: f7352d6d87572c24e95ba5f63d874e6c,
        type: 3}
      propertyPath: m_LocalEulerAnglesHint.z
      value: 0
      objectReference: {fileID: 0}
    - target: {fileID: 3991716332470697637, guid: f7352d6d87572c24e95ba5f63d874e6c,
        type: 3}
      propertyPath: m_AnchoredPosition.x
      value: 1.27
      objectReference: {fileID: 0}
    - target: {fileID: 3991716332470697637, guid: f7352d6d87572c24e95ba5f63d874e6c,
        type: 3}
      propertyPath: m_AnchoredPosition.y
      value: -0.12
      objectReference: {fileID: 0}
    - target: {fileID: 3991716332470697637, guid: f7352d6d87572c24e95ba5f63d874e6c,
        type: 3}
      propertyPath: m_SizeDelta.x
      value: 218.92
      objectReference: {fileID: 0}
    - target: {fileID: 3991716332470697637, guid: f7352d6d87572c24e95ba5f63d874e6c,
        type: 3}
      propertyPath: m_SizeDelta.y
      value: 44.85
      objectReference: {fileID: 0}
    - target: {fileID: 3991716332470697637, guid: f7352d6d87572c24e95ba5f63d874e6c,
        type: 3}
      propertyPath: m_AnchorMin.x
      value: 0.5
      objectReference: {fileID: 0}
    - target: {fileID: 3991716332470697637, guid: f7352d6d87572c24e95ba5f63d874e6c,
        type: 3}
      propertyPath: m_AnchorMin.y
      value: 0.5
      objectReference: {fileID: 0}
    - target: {fileID: 3991716332470697637, guid: f7352d6d87572c24e95ba5f63d874e6c,
        type: 3}
      propertyPath: m_AnchorMax.x
      value: 0.5
      objectReference: {fileID: 0}
    - target: {fileID: 3991716332470697637, guid: f7352d6d87572c24e95ba5f63d874e6c,
        type: 3}
      propertyPath: m_AnchorMax.y
      value: 0.5
      objectReference: {fileID: 0}
    - target: {fileID: 3991716332470697637, guid: f7352d6d87572c24e95ba5f63d874e6c,
        type: 3}
      propertyPath: m_Pivot.x
      value: 0.5
      objectReference: {fileID: 0}
    - target: {fileID: 3991716332470697637, guid: f7352d6d87572c24e95ba5f63d874e6c,
        type: 3}
      propertyPath: m_Pivot.y
      value: 0.5
      objectReference: {fileID: 0}
    - target: {fileID: 3991716332470697637, guid: f7352d6d87572c24e95ba5f63d874e6c,
        type: 3}
      propertyPath: m_LocalScale.x
      value: 0.004051232
      objectReference: {fileID: 0}
    - target: {fileID: 3991716332470697637, guid: f7352d6d87572c24e95ba5f63d874e6c,
        type: 3}
      propertyPath: m_LocalScale.y
      value: 0.004901678
      objectReference: {fileID: 0}
    - target: {fileID: 8492207307182036677, guid: f7352d6d87572c24e95ba5f63d874e6c,
        type: 3}
      propertyPath: m_fontAsset
      value: 
      objectReference: {fileID: 11400000, guid: 9a9405abd8a9a2446b68d5a1be3afe8b,
        type: 2}
    - target: {fileID: 8492207307182036677, guid: f7352d6d87572c24e95ba5f63d874e6c,
        type: 3}
      propertyPath: m_sharedMaterial
      value: 
      objectReference: {fileID: 21588734554269080, guid: 9a9405abd8a9a2446b68d5a1be3afe8b,
        type: 2}
    - target: {fileID: 8492207307182036677, guid: f7352d6d87572c24e95ba5f63d874e6c,
        type: 3}
      propertyPath: m_textInfo.characterCount
      value: 256
      objectReference: {fileID: 0}
    - target: {fileID: 8492207307182036677, guid: f7352d6d87572c24e95ba5f63d874e6c,
        type: 3}
      propertyPath: m_textInfo.wordCount
      value: 42
      objectReference: {fileID: 0}
    - target: {fileID: 8492207307182036677, guid: f7352d6d87572c24e95ba5f63d874e6c,
        type: 3}
      propertyPath: m_textInfo.lineCount
      value: 10
      objectReference: {fileID: 0}
    - target: {fileID: 8492207307182036677, guid: f7352d6d87572c24e95ba5f63d874e6c,
        type: 3}
      propertyPath: m_textInfo.pageCount
      value: 1
      objectReference: {fileID: 0}
    - target: {fileID: 8492207307182036677, guid: f7352d6d87572c24e95ba5f63d874e6c,
        type: 3}
      propertyPath: m_fontColor.r
      value: 0
      objectReference: {fileID: 0}
    - target: {fileID: 8492207307182036677, guid: f7352d6d87572c24e95ba5f63d874e6c,
        type: 3}
      propertyPath: m_fontColor.g
      value: 0
      objectReference: {fileID: 0}
    - target: {fileID: 8492207307182036677, guid: f7352d6d87572c24e95ba5f63d874e6c,
        type: 3}
      propertyPath: m_fontColor.b
      value: 0
      objectReference: {fileID: 0}
    - target: {fileID: 8492207307182036677, guid: f7352d6d87572c24e95ba5f63d874e6c,
        type: 3}
      propertyPath: m_fontSize
      value: 36
      objectReference: {fileID: 0}
    - target: {fileID: 8492207307182036677, guid: f7352d6d87572c24e95ba5f63d874e6c,
        type: 3}
      propertyPath: m_fontSizeBase
      value: 36
      objectReference: {fileID: 0}
    - target: {fileID: 8492207307182036677, guid: f7352d6d87572c24e95ba5f63d874e6c,
        type: 3}
      propertyPath: m_fontColor32.rgba
      value: 4278190080
      objectReference: {fileID: 0}
    - target: {fileID: 8492207307182036677, guid: f7352d6d87572c24e95ba5f63d874e6c,
        type: 3}
      propertyPath: m_margin.z
      value: -429.70322
      objectReference: {fileID: 0}
    - target: {fileID: 8492207307182036677, guid: f7352d6d87572c24e95ba5f63d874e6c,
        type: 3}
      propertyPath: m_text
      value: 'The Drag and Drop Function can be used to rearrange components.

        This Feature can be activated through AirTap-Gesture or through voice command.


        To drag a container with its component just say ''Drag''.

        To drop a container with its components just say ''Drop''.'
      objectReference: {fileID: 0}
    - target: {fileID: 8492207307182036677, guid: f7352d6d87572c24e95ba5f63d874e6c,
        type: 3}
      propertyPath: m_textInfo.spaceCount
      value: 42
      objectReference: {fileID: 0}
    - target: {fileID: 8492207307182036677, guid: f7352d6d87572c24e95ba5f63d874e6c,
        type: 3}
      propertyPath: m_firstOverflowCharacterIndex
      value: 34
      objectReference: {fileID: 0}
    - target: {fileID: 8492207307182036677, guid: f7352d6d87572c24e95ba5f63d874e6c,
        type: 3}
      propertyPath: m_textInfo.materialCount
      value: 1
      objectReference: {fileID: 0}
    - target: {fileID: 8492207307182036677, guid: f7352d6d87572c24e95ba5f63d874e6c,
        type: 3}
      propertyPath: m_subTextObjects.Array.data[1]
      value: 
      objectReference: {fileID: 158921130}
    - target: {fileID: 8334667925777270705, guid: f7352d6d87572c24e95ba5f63d874e6c,
        type: 3}
      propertyPath: fontType
      value: 4
      objectReference: {fileID: 0}
    m_RemovedComponents: []
  m_SourcePrefab: {fileID: 100100000, guid: f7352d6d87572c24e95ba5f63d874e6c, type: 3}
--- !u!224 &5958451888847679906 stripped
RectTransform:
  m_CorrespondingSourceObject: {fileID: 3991716332470697637, guid: f7352d6d87572c24e95ba5f63d874e6c,
    type: 3}
  m_PrefabInstance: {fileID: 7337983058186800903}
  m_PrefabAsset: {fileID: 0}
--- !u!114 &1157320907530754498 stripped
MonoBehaviour:
  m_CorrespondingSourceObject: {fileID: 8492207307182036677, guid: f7352d6d87572c24e95ba5f63d874e6c,
    type: 3}
  m_PrefabInstance: {fileID: 7337983058186800903}
  m_PrefabAsset: {fileID: 0}
  m_GameObject: {fileID: 0}
  m_Enabled: 1
  m_EditorHideFlags: 0
  m_Script: {fileID: 11500000, guid: f4688fdb7df04437aeb418b961361dc5, type: 3}
  m_Name: 
  m_EditorClassIdentifier: 
--- !u!1001 &7337983059010176390
PrefabInstance:
  m_ObjectHideFlags: 0
  serializedVersion: 2
  m_Modification:
    m_TransformParent: {fileID: 0}
    m_Modifications:
    - target: {fileID: 3752873227903269050, guid: 0064944683e776b4db2d189609874973,
        type: 3}
      propertyPath: m_Name
      value: GeneralHelp
      objectReference: {fileID: 0}
    - target: {fileID: 3752873227903269045, guid: 0064944683e776b4db2d189609874973,
        type: 3}
      propertyPath: m_LocalPosition.x
      value: 0
      objectReference: {fileID: 0}
    - target: {fileID: 3752873227903269045, guid: 0064944683e776b4db2d189609874973,
        type: 3}
      propertyPath: m_LocalPosition.y
      value: 0
      objectReference: {fileID: 0}
    - target: {fileID: 3752873227903269045, guid: 0064944683e776b4db2d189609874973,
        type: 3}
      propertyPath: m_LocalPosition.z
      value: 0
      objectReference: {fileID: 0}
    - target: {fileID: 3752873227903269045, guid: 0064944683e776b4db2d189609874973,
        type: 3}
      propertyPath: m_LocalRotation.x
      value: 0
      objectReference: {fileID: 0}
    - target: {fileID: 3752873227903269045, guid: 0064944683e776b4db2d189609874973,
        type: 3}
      propertyPath: m_LocalRotation.y
      value: 0
      objectReference: {fileID: 0}
    - target: {fileID: 3752873227903269045, guid: 0064944683e776b4db2d189609874973,
        type: 3}
      propertyPath: m_LocalRotation.z
      value: 0
      objectReference: {fileID: 0}
    - target: {fileID: 3752873227903269045, guid: 0064944683e776b4db2d189609874973,
        type: 3}
      propertyPath: m_LocalRotation.w
      value: 1
      objectReference: {fileID: 0}
    - target: {fileID: 3752873227903269045, guid: 0064944683e776b4db2d189609874973,
        type: 3}
      propertyPath: m_RootOrder
      value: 0
      objectReference: {fileID: 0}
    - target: {fileID: 3752873227903269045, guid: 0064944683e776b4db2d189609874973,
        type: 3}
      propertyPath: m_LocalEulerAnglesHint.x
      value: 0
      objectReference: {fileID: 0}
    - target: {fileID: 3752873227903269045, guid: 0064944683e776b4db2d189609874973,
        type: 3}
      propertyPath: m_LocalEulerAnglesHint.y
      value: 0
      objectReference: {fileID: 0}
    - target: {fileID: 3752873227903269045, guid: 0064944683e776b4db2d189609874973,
        type: 3}
      propertyPath: m_LocalEulerAnglesHint.z
      value: 0
      objectReference: {fileID: 0}
    - target: {fileID: 3752873227903269045, guid: 0064944683e776b4db2d189609874973,
        type: 3}
      propertyPath: m_AnchoredPosition.x
      value: 30
      objectReference: {fileID: 0}
    - target: {fileID: 3752873227903269045, guid: 0064944683e776b4db2d189609874973,
        type: 3}
      propertyPath: m_AnchoredPosition.y
      value: -183
      objectReference: {fileID: 0}
    - target: {fileID: 3752873227903269045, guid: 0064944683e776b4db2d189609874973,
        type: 3}
      propertyPath: m_SizeDelta.x
      value: 100
      objectReference: {fileID: 0}
    - target: {fileID: 3752873227903269045, guid: 0064944683e776b4db2d189609874973,
        type: 3}
      propertyPath: m_SizeDelta.y
      value: 100
      objectReference: {fileID: 0}
    - target: {fileID: 3752873227903269045, guid: 0064944683e776b4db2d189609874973,
        type: 3}
      propertyPath: m_AnchorMin.x
      value: 0.5
      objectReference: {fileID: 0}
    - target: {fileID: 3752873227903269045, guid: 0064944683e776b4db2d189609874973,
        type: 3}
      propertyPath: m_AnchorMin.y
      value: 0.5
      objectReference: {fileID: 0}
    - target: {fileID: 3752873227903269045, guid: 0064944683e776b4db2d189609874973,
        type: 3}
      propertyPath: m_AnchorMax.x
      value: 0.5
      objectReference: {fileID: 0}
    - target: {fileID: 3752873227903269045, guid: 0064944683e776b4db2d189609874973,
        type: 3}
      propertyPath: m_AnchorMax.y
      value: 0.5
      objectReference: {fileID: 0}
    - target: {fileID: 3752873227903269045, guid: 0064944683e776b4db2d189609874973,
        type: 3}
      propertyPath: m_Pivot.x
      value: 0.5
      objectReference: {fileID: 0}
    - target: {fileID: 3752873227903269045, guid: 0064944683e776b4db2d189609874973,
        type: 3}
      propertyPath: m_Pivot.y
      value: 0.5
      objectReference: {fileID: 0}
    - target: {fileID: 3752873228979158021, guid: 0064944683e776b4db2d189609874973,
        type: 3}
      propertyPath: Camera
      value: 
      objectReference: {fileID: 0}
    - target: {fileID: 3752873229170276709, guid: 0064944683e776b4db2d189609874973,
        type: 3}
      propertyPath: m_LocalPosition.x
      value: -0.401
      objectReference: {fileID: 0}
    - target: {fileID: 3752873227087901741, guid: 0064944683e776b4db2d189609874973,
        type: 3}
      propertyPath: m_LocalPosition.x
      value: -0.401
      objectReference: {fileID: 0}
    - target: {fileID: 3752873227087901741, guid: 0064944683e776b4db2d189609874973,
        type: 3}
      propertyPath: m_LocalPosition.y
      value: -0.27
      objectReference: {fileID: 0}
    - target: {fileID: 3752873227098785173, guid: 0064944683e776b4db2d189609874973,
        type: 3}
      propertyPath: m_textInfo.characterCount
      value: 20
      objectReference: {fileID: 0}
    - target: {fileID: 3752873227098785173, guid: 0064944683e776b4db2d189609874973,
        type: 3}
      propertyPath: m_textInfo.spaceCount
      value: 9
      objectReference: {fileID: 0}
    - target: {fileID: 3752873227098785173, guid: 0064944683e776b4db2d189609874973,
        type: 3}
      propertyPath: m_textInfo.wordCount
      value: 3
      objectReference: {fileID: 0}
    - target: {fileID: 3752873227098785173, guid: 0064944683e776b4db2d189609874973,
        type: 3}
      propertyPath: m_textInfo.lineCount
      value: 1
      objectReference: {fileID: 0}
    - target: {fileID: 3752873227098785173, guid: 0064944683e776b4db2d189609874973,
        type: 3}
      propertyPath: m_textInfo.pageCount
      value: 1
      objectReference: {fileID: 0}
    - target: {fileID: 3752873227381500459, guid: 0064944683e776b4db2d189609874973,
        type: 3}
      propertyPath: m_SizeDelta.x
      value: 0
      objectReference: {fileID: 0}
    - target: {fileID: 3752873227381500459, guid: 0064944683e776b4db2d189609874973,
        type: 3}
      propertyPath: m_SizeDelta.y
      value: 0
      objectReference: {fileID: 0}
    - target: {fileID: 3752873228468327262, guid: 0064944683e776b4db2d189609874973,
        type: 3}
      propertyPath: m_AnchoredPosition.x
      value: 53.614998
      objectReference: {fileID: 0}
    - target: {fileID: 3752873228468327262, guid: 0064944683e776b4db2d189609874973,
        type: 3}
      propertyPath: m_AnchorMin.y
      value: 0
      objectReference: {fileID: 0}
    - target: {fileID: 3752873228468327262, guid: 0064944683e776b4db2d189609874973,
        type: 3}
      propertyPath: m_AnchorMax.y
      value: 0
      objectReference: {fileID: 0}
    - target: {fileID: 3752873228468327262, guid: 0064944683e776b4db2d189609874973,
        type: 3}
      propertyPath: m_AnchoredPosition.y
      value: 0
      objectReference: {fileID: 0}
    - target: {fileID: 3752873228468327262, guid: 0064944683e776b4db2d189609874973,
        type: 3}
      propertyPath: m_SizeDelta.x
      value: 0
      objectReference: {fileID: 0}
    - target: {fileID: 3752873228468327262, guid: 0064944683e776b4db2d189609874973,
        type: 3}
      propertyPath: m_SizeDelta.y
      value: 0
      objectReference: {fileID: 0}
    - target: {fileID: 3752873228468327256, guid: 0064944683e776b4db2d189609874973,
        type: 3}
      propertyPath: m_textInfo.characterCount
      value: 1
      objectReference: {fileID: 0}
    - target: {fileID: 3752873228468327256, guid: 0064944683e776b4db2d189609874973,
        type: 3}
      propertyPath: m_textInfo.wordCount
      value: 1
      objectReference: {fileID: 0}
    - target: {fileID: 3752873228468327256, guid: 0064944683e776b4db2d189609874973,
        type: 3}
      propertyPath: m_textInfo.lineCount
      value: 1
      objectReference: {fileID: 0}
    - target: {fileID: 3752873228468327256, guid: 0064944683e776b4db2d189609874973,
        type: 3}
      propertyPath: m_textInfo.pageCount
      value: 1
      objectReference: {fileID: 0}
    - target: {fileID: 2610684115245886072, guid: 0064944683e776b4db2d189609874973,
        type: 3}
      propertyPath: m_SizeDelta.x
      value: 0
      objectReference: {fileID: 0}
    - target: {fileID: 2610684115245886072, guid: 0064944683e776b4db2d189609874973,
        type: 3}
      propertyPath: m_SizeDelta.y
      value: 0
      objectReference: {fileID: 0}
    - target: {fileID: 2610684115245886072, guid: 0064944683e776b4db2d189609874973,
        type: 3}
      propertyPath: m_AnchoredPosition.x
      value: 9.36
      objectReference: {fileID: 0}
    - target: {fileID: 2610684115245886072, guid: 0064944683e776b4db2d189609874973,
        type: 3}
      propertyPath: m_AnchoredPosition.y
      value: 0.021
      objectReference: {fileID: 0}
    - target: {fileID: 2610684115245886072, guid: 0064944683e776b4db2d189609874973,
        type: 3}
      propertyPath: m_LocalPosition.z
      value: 389
      objectReference: {fileID: 0}
    - target: {fileID: 7538849807905459664, guid: 0064944683e776b4db2d189609874973,
        type: 3}
      propertyPath: fontType
      value: 4
      objectReference: {fileID: 0}
    - target: {fileID: 5743296370712746293, guid: 0064944683e776b4db2d189609874973,
        type: 3}
      propertyPath: m_textInfo.characterCount
      value: 164
      objectReference: {fileID: 0}
    - target: {fileID: 5743296370712746293, guid: 0064944683e776b4db2d189609874973,
        type: 3}
      propertyPath: m_textInfo.wordCount
      value: 27
      objectReference: {fileID: 0}
    - target: {fileID: 5743296370712746293, guid: 0064944683e776b4db2d189609874973,
        type: 3}
      propertyPath: m_textInfo.lineCount
      value: 8
      objectReference: {fileID: 0}
    - target: {fileID: 5743296370712746293, guid: 0064944683e776b4db2d189609874973,
        type: 3}
      propertyPath: m_textInfo.pageCount
      value: 1
      objectReference: {fileID: 0}
    - target: {fileID: 5743296370712746293, guid: 0064944683e776b4db2d189609874973,
        type: 3}
      propertyPath: m_text
      value: 'To select any of the given UI-Components  please do the AirTap-Gesture.


        This Gesture can be used for :

        -Any Kind of Button

        -Drag and Drop Function (while Holding)

'
      objectReference: {fileID: 0}
    - target: {fileID: 5743296370712746293, guid: 0064944683e776b4db2d189609874973,
        type: 3}
      propertyPath: m_textInfo.spaceCount
      value: 30
      objectReference: {fileID: 0}
    - target: {fileID: 5743296370712746293, guid: 0064944683e776b4db2d189609874973,
        type: 3}
      propertyPath: m_margin.w
      value: -44.836124
      objectReference: {fileID: 0}
    - target: {fileID: 5743296370712746293, guid: 0064944683e776b4db2d189609874973,
        type: 3}
      propertyPath: m_margin.z
      value: 12803.572
      objectReference: {fileID: 0}
    - target: {fileID: 5743296370712746293, guid: 0064944683e776b4db2d189609874973,
        type: 3}
      propertyPath: m_firstOverflowCharacterIndex
      value: 124
      objectReference: {fileID: 0}
    - target: {fileID: 5743296370712746293, guid: 0064944683e776b4db2d189609874973,
        type: 3}
      propertyPath: m_margin.x
      value: 415.32574
      objectReference: {fileID: 0}
    - target: {fileID: 828269953218322615, guid: 0064944683e776b4db2d189609874973,
        type: 3}
      propertyPath: m_AnchoredPosition.x
      value: 11.79
      objectReference: {fileID: 0}
    - target: {fileID: 828269953218322615, guid: 0064944683e776b4db2d189609874973,
        type: 3}
      propertyPath: m_SizeDelta.x
      value: 0
      objectReference: {fileID: 0}
    - target: {fileID: 828269953218322615, guid: 0064944683e776b4db2d189609874973,
        type: 3}
      propertyPath: m_SizeDelta.y
      value: 0
      objectReference: {fileID: 0}
    - target: {fileID: 828269953218322615, guid: 0064944683e776b4db2d189609874973,
        type: 3}
      propertyPath: m_LocalPosition.z
      value: 0.024
      objectReference: {fileID: 0}
    - target: {fileID: 828269953218322615, guid: 0064944683e776b4db2d189609874973,
        type: 3}
      propertyPath: m_AnchoredPosition.y
      value: -0.21
      objectReference: {fileID: 0}
    - target: {fileID: 8274757651847112661, guid: 0064944683e776b4db2d189609874973,
        type: 3}
      propertyPath: fontType
      value: 4
      objectReference: {fileID: 0}
    - target: {fileID: 8147228422290759853, guid: 0064944683e776b4db2d189609874973,
        type: 3}
      propertyPath: m_textInfo.characterCount
      value: 233
      objectReference: {fileID: 0}
    - target: {fileID: 8147228422290759853, guid: 0064944683e776b4db2d189609874973,
        type: 3}
      propertyPath: m_textInfo.wordCount
      value: 43
      objectReference: {fileID: 0}
    - target: {fileID: 8147228422290759853, guid: 0064944683e776b4db2d189609874973,
        type: 3}
      propertyPath: m_textInfo.lineCount
      value: 11
      objectReference: {fileID: 0}
    - target: {fileID: 8147228422290759853, guid: 0064944683e776b4db2d189609874973,
        type: 3}
      propertyPath: m_textInfo.pageCount
      value: 1
      objectReference: {fileID: 0}
    - target: {fileID: 8147228422290759853, guid: 0064944683e776b4db2d189609874973,
        type: 3}
      propertyPath: m_text
      value: "Every Component that has the Icon shown on the left attached can be
        used through voice command.\n\nTo use voice commands just say the label \nof
        the desired Component.\nE.X. to close this Panel say \"Close\"\nto open this
        Panel say \"Help\"\n\n"
      objectReference: {fileID: 0}
    - target: {fileID: 8147228422290759853, guid: 0064944683e776b4db2d189609874973,
        type: 3}
      propertyPath: m_textInfo.spaceCount
      value: 45
      objectReference: {fileID: 0}
    - target: {fileID: 8147228422290759853, guid: 0064944683e776b4db2d189609874973,
        type: 3}
      propertyPath: m_margin.w
      value: 15.102856
      objectReference: {fileID: 0}
    - target: {fileID: 8147228422290759853, guid: 0064944683e776b4db2d189609874973,
        type: 3}
      propertyPath: m_firstOverflowCharacterIndex
      value: 139
      objectReference: {fileID: 0}
    - target: {fileID: 8147228422290759853, guid: 0064944683e776b4db2d189609874973,
        type: 3}
      propertyPath: m_margin.z
      value: 5152.821
      objectReference: {fileID: 0}
    - target: {fileID: 8147228422290759853, guid: 0064944683e776b4db2d189609874973,
        type: 3}
      propertyPath: m_fontSize
      value: 36
      objectReference: {fileID: 0}
    - target: {fileID: 8147228422290759853, guid: 0064944683e776b4db2d189609874973,
        type: 3}
      propertyPath: m_fontSizeBase
      value: 36
      objectReference: {fileID: 0}
    - target: {fileID: 8147228422290759853, guid: 0064944683e776b4db2d189609874973,
        type: 3}
      propertyPath: m_margin.y
      value: -26.50627
      objectReference: {fileID: 0}
    - target: {fileID: 8147228422290759853, guid: 0064944683e776b4db2d189609874973,
        type: 3}
      propertyPath: m_margin.x
      value: 1151.8069
      objectReference: {fileID: 0}
    - target: {fileID: 3752873227098785178, guid: 0064944683e776b4db2d189609874973,
        type: 3}
      propertyPath: m_SizeDelta.x
      value: 0
      objectReference: {fileID: 0}
    - target: {fileID: 3752873227098785178, guid: 0064944683e776b4db2d189609874973,
        type: 3}
      propertyPath: m_SizeDelta.y
      value: 0
      objectReference: {fileID: 0}
    m_RemovedComponents: []
  m_SourcePrefab: {fileID: 100100000, guid: 0064944683e776b4db2d189609874973, type: 3}
--- !u!1 &5891028166134397320 stripped
GameObject:
  m_CorrespondingSourceObject: {fileID: 3752873228979158030, guid: 0064944683e776b4db2d189609874973,
    type: 3}
  m_PrefabInstance: {fileID: 7337983059010176390}
  m_PrefabAsset: {fileID: 0}
--- !u!224 &5891028166134397327 stripped
RectTransform:
  m_CorrespondingSourceObject: {fileID: 3752873228979158025, guid: 0064944683e776b4db2d189609874973,
    type: 3}
  m_PrefabInstance: {fileID: 7337983059010176390}
  m_PrefabAsset: {fileID: 0}
--- !u!1 &5891028166684127150 stripped
GameObject:
  m_CorrespondingSourceObject: {fileID: 3752873227381500456, guid: 0064944683e776b4db2d189609874973,
    type: 3}
  m_PrefabInstance: {fileID: 7337983059010176390}
  m_PrefabAsset: {fileID: 0}
