%YAML 1.1
%TAG !u! tag:unity3d.com,2011:
--- !u!1 &3827087975980990816
GameObject:
  m_ObjectHideFlags: 0
  m_CorrespondingSourceObject: {fileID: 0}
  m_PrefabInstance: {fileID: 0}
  m_PrefabAsset: {fileID: 0}
  serializedVersion: 6
  m_Component:
  - component: {fileID: 3827087975980990847}
  - component: {fileID: 3827087975980990845}
  - component: {fileID: 3827087975980990846}
  m_Layer: 5
  m_Name: RadioButtonDot
  m_TagString: Untagged
  m_Icon: {fileID: 0}
  m_NavMeshLayer: 0
  m_StaticEditorFlags: 0
  m_IsActive: 1
--- !u!224 &3827087975980990847
RectTransform:
  m_ObjectHideFlags: 0
  m_CorrespondingSourceObject: {fileID: 0}
  m_PrefabInstance: {fileID: 0}
  m_PrefabAsset: {fileID: 0}
  m_GameObject: {fileID: 3827087975980990816}
  m_LocalRotation: {x: 0, y: 0, z: 0, w: 1}
  m_LocalPosition: {x: 0, y: 0, z: 0}
  m_LocalScale: {x: 1, y: 1, z: 1}
  m_Children: []
  m_Father: {fileID: 3827087976685486886}
  m_RootOrder: 0
  m_LocalEulerAnglesHint: {x: 0, y: 0, z: 0}
  m_AnchorMin: {x: 0.5, y: 0.5}
  m_AnchorMax: {x: 0.5, y: 0.5}
  m_AnchoredPosition: {x: 0, y: 0}
  m_SizeDelta: {x: 12, y: 12}
  m_Pivot: {x: 0.5, y: 0.5}
--- !u!222 &3827087975980990845
CanvasRenderer:
  m_ObjectHideFlags: 0
  m_CorrespondingSourceObject: {fileID: 0}
  m_PrefabInstance: {fileID: 0}
  m_PrefabAsset: {fileID: 0}
  m_GameObject: {fileID: 3827087975980990816}
  m_CullTransparentMesh: 0
--- !u!114 &3827087975980990846
MonoBehaviour:
  m_ObjectHideFlags: 0
  m_CorrespondingSourceObject: {fileID: 0}
  m_PrefabInstance: {fileID: 0}
  m_PrefabAsset: {fileID: 0}
  m_GameObject: {fileID: 3827087975980990816}
  m_Enabled: 1
  m_EditorHideFlags: 0
  m_Script: {fileID: -765806418, guid: f70555f144d8491a825f0804e09c671c, type: 3}
  m_Name: 
  m_EditorClassIdentifier: 
  m_Material: {fileID: 0}
  m_Color: {r: 0.07058824, g: 0.67058825, b: 0.85882354, a: 1}
  m_RaycastTarget: 1
  m_OnCullStateChanged:
    m_PersistentCalls:
      m_Calls: []
    m_TypeName: UnityEngine.UI.MaskableGraphic+CullStateChangedEvent, UnityEngine.UI,
      Version=1.0.0.0, Culture=neutral, PublicKeyToken=null
  m_Sprite: {fileID: 21300000, guid: 7936fed2e9ba8944191e7ac10eb7e518, type: 3}
  m_Type: 0
  m_PreserveAspect: 0
  m_FillCenter: 1
  m_FillMethod: 4
  m_FillAmount: 1
  m_FillClockwise: 1
  m_FillOrigin: 0
  m_UseSpriteMesh: 0
--- !u!1 &3827087976263940313
GameObject:
  m_ObjectHideFlags: 0
  m_CorrespondingSourceObject: {fileID: 0}
  m_PrefabInstance: {fileID: 0}
  m_PrefabAsset: {fileID: 0}
  serializedVersion: 6
  m_Component:
  - component: {fileID: 3827087976263940312}
  - component: {fileID: 8001340012419490883}
  - component: {fileID: 3827087976263940311}
  m_Layer: 5
  m_Name: RadioButton
  m_TagString: Untagged
  m_Icon: {fileID: 0}
  m_NavMeshLayer: 0
  m_StaticEditorFlags: 0
  m_IsActive: 1
--- !u!224 &3827087976263940312
RectTransform:
  m_ObjectHideFlags: 0
  m_CorrespondingSourceObject: {fileID: 0}
  m_PrefabInstance: {fileID: 0}
  m_PrefabAsset: {fileID: 0}
  m_GameObject: {fileID: 3827087976263940313}
  m_LocalRotation: {x: 0, y: 0, z: 0, w: 1}
  m_LocalPosition: {x: 0, y: 0, z: 0}
  m_LocalScale: {x: 1, y: 1, z: 1}
  m_Children:
  - {fileID: 3827087976685486886}
  - {fileID: 7389634947815722206}
  - {fileID: 1763180521180484228}
  m_Father: {fileID: 0}
  m_RootOrder: 0
  m_LocalEulerAnglesHint: {x: 0, y: 0, z: 0}
  m_AnchorMin: {x: 0.5, y: 0.5}
  m_AnchorMax: {x: 0.5, y: 0.5}
  m_AnchoredPosition: {x: 0, y: 0}
  m_SizeDelta: {x: 160, y: 20}
  m_Pivot: {x: 0.5, y: 0.5}
--- !u!114 &8001340012419490883
MonoBehaviour:
  m_ObjectHideFlags: 0
  m_CorrespondingSourceObject: {fileID: 0}
  m_PrefabInstance: {fileID: 0}
  m_PrefabAsset: {fileID: 0}
  m_GameObject: {fileID: 3827087976263940313}
  m_Enabled: 1
  m_EditorHideFlags: 0
  m_Script: {fileID: 11500000, guid: 923297a6a3cba0d41b8b9a8cb2a5c395, type: 3}
  m_Name: 
  m_EditorClassIdentifier: 
  skinData: {fileID: 11400000, guid: 7619c69e1f42e8a46a4af851335a5e94, type: 2}
  Background: {fileID: 3827087976685486887}
  CheckMark: {fileID: 3827087975980990816}
  radioButtonType: 0
--- !u!114 &3827087976263940311
MonoBehaviour:
  m_ObjectHideFlags: 0
  m_CorrespondingSourceObject: {fileID: 0}
  m_PrefabInstance: {fileID: 0}
  m_PrefabAsset: {fileID: 0}
  m_GameObject: {fileID: 3827087976263940313}
  m_Enabled: 1
  m_EditorHideFlags: 0
  m_Script: {fileID: 2109663825, guid: f70555f144d8491a825f0804e09c671c, type: 3}
  m_Name: 
  m_EditorClassIdentifier: 
  m_Navigation:
    m_Mode: 3
    m_SelectOnUp: {fileID: 0}
    m_SelectOnDown: {fileID: 0}
    m_SelectOnLeft: {fileID: 0}
    m_SelectOnRight: {fileID: 0}
  m_Transition: 1
  m_Colors:
    m_NormalColor: {r: 1, g: 1, b: 1, a: 1}
    m_HighlightedColor: {r: 0.9607843, g: 0.9607843, b: 0.9607843, a: 1}
    m_PressedColor: {r: 0.78431374, g: 0.78431374, b: 0.78431374, a: 1}
    m_DisabledColor: {r: 0.78431374, g: 0.78431374, b: 0.78431374, a: 0.5019608}
    m_ColorMultiplier: 1
    m_FadeDuration: 0.1
  m_SpriteState:
    m_HighlightedSprite: {fileID: 0}
    m_PressedSprite: {fileID: 0}
    m_DisabledSprite: {fileID: 0}
  m_AnimationTriggers:
    m_NormalTrigger: Normal
    m_HighlightedTrigger: Highlighted
    m_PressedTrigger: Pressed
    m_DisabledTrigger: Disabled
  m_Interactable: 1
  m_TargetGraphic: {fileID: 3827087976685486885}
  toggleTransition: 1
  graphic: {fileID: 3827087975980990846}
  m_Group: {fileID: 3513934864873194825, guid: a352cd8c1fe381b479a664818b63d3d3, type: 3}
  onValueChanged:
    m_PersistentCalls:
      m_Calls: []
    m_TypeName: UnityEngine.UI.Toggle+ToggleEvent, UnityEngine.UI, Version=1.0.0.0,
      Culture=neutral, PublicKeyToken=null
  m_IsOn: 0
--- !u!1 &3827087976685486887
GameObject:
  m_ObjectHideFlags: 0
  m_CorrespondingSourceObject: {fileID: 0}
  m_PrefabInstance: {fileID: 0}
  m_PrefabAsset: {fileID: 0}
  serializedVersion: 6
  m_Component:
  - component: {fileID: 3827087976685486886}
  - component: {fileID: 3827087976685486884}
  - component: {fileID: 3827087976685486885}
  m_Layer: 5
  m_Name: Background
  m_TagString: Untagged
  m_Icon: {fileID: 0}
  m_NavMeshLayer: 0
  m_StaticEditorFlags: 0
  m_IsActive: 1
--- !u!224 &3827087976685486886
RectTransform:
  m_ObjectHideFlags: 0
  m_CorrespondingSourceObject: {fileID: 0}
  m_PrefabInstance: {fileID: 0}
  m_PrefabAsset: {fileID: 0}
  m_GameObject: {fileID: 3827087976685486887}
  m_LocalRotation: {x: 0, y: 0, z: 0, w: 1}
  m_LocalPosition: {x: 0, y: 0, z: 0}
  m_LocalScale: {x: 1, y: 1, z: 1}
  m_Children:
  - {fileID: 3827087975980990847}
  m_Father: {fileID: 3827087976263940312}
  m_RootOrder: 0
  m_LocalEulerAnglesHint: {x: 0, y: 0, z: 0}
  m_AnchorMin: {x: 0, y: 1}
  m_AnchorMax: {x: 0, y: 1}
  m_AnchoredPosition: {x: 20.45, y: -20.18}
  m_SizeDelta: {x: 40.9, y: 40.36}
  m_Pivot: {x: 0.5, y: 0.5}
--- !u!222 &3827087976685486884
CanvasRenderer:
  m_ObjectHideFlags: 0
  m_CorrespondingSourceObject: {fileID: 0}
  m_PrefabInstance: {fileID: 0}
  m_PrefabAsset: {fileID: 0}
  m_GameObject: {fileID: 3827087976685486887}
  m_CullTransparentMesh: 0
--- !u!114 &3827087976685486885
MonoBehaviour:
  m_ObjectHideFlags: 0
  m_CorrespondingSourceObject: {fileID: 0}
  m_PrefabInstance: {fileID: 0}
  m_PrefabAsset: {fileID: 0}
  m_GameObject: {fileID: 3827087976685486887}
  m_Enabled: 1
  m_EditorHideFlags: 0
  m_Script: {fileID: -765806418, guid: f70555f144d8491a825f0804e09c671c, type: 3}
  m_Name: 
  m_EditorClassIdentifier: 
  m_Material: {fileID: 0}
  m_Color: {r: 0.07058824, g: 0.67058825, b: 0.85882354, a: 1}
  m_RaycastTarget: 1
  m_OnCullStateChanged:
    m_PersistentCalls:
      m_Calls: []
    m_TypeName: UnityEngine.UI.MaskableGraphic+CullStateChangedEvent, UnityEngine.UI,
      Version=1.0.0.0, Culture=neutral, PublicKeyToken=null
  m_Sprite: {fileID: 21300000, guid: 76d84bd35084004469eca6039aa7dbe4, type: 3}
  m_Type: 0
  m_PreserveAspect: 0
  m_FillCenter: 1
  m_FillMethod: 4
  m_FillAmount: 1
  m_FillClockwise: 1
  m_FillOrigin: 0
  m_UseSpriteMesh: 0
--- !u!1 &8571332538193202263
GameObject:
  m_ObjectHideFlags: 0
  m_CorrespondingSourceObject: {fileID: 0}
  m_PrefabInstance: {fileID: 0}
  m_PrefabAsset: {fileID: 0}
  serializedVersion: 6
  m_Component:
  - component: {fileID: 1763180521180484228}
  - component: {fileID: 5781158395389595647}
  - component: {fileID: 5649081047141037533}
  m_Layer: 5
  m_Name: SpeechIcon
  m_TagString: Untagged
  m_Icon: {fileID: 0}
  m_NavMeshLayer: 0
  m_StaticEditorFlags: 0
  m_IsActive: 0
--- !u!224 &1763180521180484228
RectTransform:
  m_ObjectHideFlags: 0
  m_CorrespondingSourceObject: {fileID: 0}
  m_PrefabInstance: {fileID: 0}
  m_PrefabAsset: {fileID: 0}
  m_GameObject: {fileID: 8571332538193202263}
  m_LocalRotation: {x: 0, y: 0, z: 0, w: 1}
  m_LocalPosition: {x: 0, y: 0, z: 0}
  m_LocalScale: {x: 1, y: 1, z: 1}
  m_Children: []
  m_Father: {fileID: 3827087976263940312}
  m_RootOrder: 2
  m_LocalEulerAnglesHint: {x: 0, y: 0, z: 0}
  m_AnchorMin: {x: 0.5, y: 0.5}
  m_AnchorMax: {x: 0.5, y: 0.5}
  m_AnchoredPosition: {x: 316, y: -10.18}
  m_SizeDelta: {x: 60, y: 61.8}
  m_Pivot: {x: 0.5, y: 0.5}
--- !u!222 &5781158395389595647
CanvasRenderer:
  m_ObjectHideFlags: 0
  m_CorrespondingSourceObject: {fileID: 0}
  m_PrefabInstance: {fileID: 0}
  m_PrefabAsset: {fileID: 0}
  m_GameObject: {fileID: 8571332538193202263}
  m_CullTransparentMesh: 0
--- !u!114 &5649081047141037533
MonoBehaviour:
  m_ObjectHideFlags: 0
  m_CorrespondingSourceObject: {fileID: 0}
  m_PrefabInstance: {fileID: 0}
  m_PrefabAsset: {fileID: 0}
  m_GameObject: {fileID: 8571332538193202263}
  m_Enabled: 1
  m_EditorHideFlags: 0
  m_Script: {fileID: -765806418, guid: f70555f144d8491a825f0804e09c671c, type: 3}
  m_Name: 
  m_EditorClassIdentifier: 
  m_Material: {fileID: 0}
  m_Color: {r: 1, g: 1, b: 1, a: 1}
  m_RaycastTarget: 1
  m_OnCullStateChanged:
    m_PersistentCalls:
      m_Calls: []
    m_TypeName: UnityEngine.UI.MaskableGraphic+CullStateChangedEvent, UnityEngine.UI,
      Version=1.0.0.0, Culture=neutral, PublicKeyToken=null
  m_Sprite: {fileID: 21300000, guid: 2dfef727d56f78e4d9ff8986ec2cb912, type: 3}
  m_Type: 0
  m_PreserveAspect: 0
  m_FillCenter: 1
  m_FillMethod: 4
  m_FillAmount: 1
  m_FillClockwise: 1
  m_FillOrigin: 0
  m_UseSpriteMesh: 0
--- !u!1001 &5902016857293206139
PrefabInstance:
  m_ObjectHideFlags: 0
  serializedVersion: 2
  m_Modification:
    m_TransformParent: {fileID: 3827087976263940312}
    m_Modifications:
    - target: {fileID: 202706002093308526, guid: f7352d6d87572c24e95ba5f63d874e6c,
        type: 3}
      propertyPath: m_Name
      value: ControlText
      objectReference: {fileID: 0}
    - target: {fileID: 3991716332470697637, guid: f7352d6d87572c24e95ba5f63d874e6c,
        type: 3}
      propertyPath: m_LocalPosition.x
      value: 0
      objectReference: {fileID: 0}
    - target: {fileID: 3991716332470697637, guid: f7352d6d87572c24e95ba5f63d874e6c,
        type: 3}
      propertyPath: m_LocalPosition.y
      value: 0
      objectReference: {fileID: 0}
    - target: {fileID: 3991716332470697637, guid: f7352d6d87572c24e95ba5f63d874e6c,
        type: 3}
      propertyPath: m_LocalPosition.z
      value: 0
      objectReference: {fileID: 0}
    - target: {fileID: 3991716332470697637, guid: f7352d6d87572c24e95ba5f63d874e6c,
        type: 3}
      propertyPath: m_LocalRotation.x
      value: -0
      objectReference: {fileID: 0}
    - target: {fileID: 3991716332470697637, guid: f7352d6d87572c24e95ba5f63d874e6c,
        type: 3}
      propertyPath: m_LocalRotation.y
      value: -0
      objectReference: {fileID: 0}
    - target: {fileID: 3991716332470697637, guid: f7352d6d87572c24e95ba5f63d874e6c,
        type: 3}
      propertyPath: m_LocalRotation.z
      value: -0
      objectReference: {fileID: 0}
    - target: {fileID: 3991716332470697637, guid: f7352d6d87572c24e95ba5f63d874e6c,
        type: 3}
      propertyPath: m_LocalRotation.w
      value: 1
      objectReference: {fileID: 0}
    - target: {fileID: 3991716332470697637, guid: f7352d6d87572c24e95ba5f63d874e6c,
        type: 3}
      propertyPath: m_RootOrder
      value: 1
      objectReference: {fileID: 0}
    - target: {fileID: 3991716332470697637, guid: f7352d6d87572c24e95ba5f63d874e6c,
        type: 3}
      propertyPath: m_LocalEulerAnglesHint.x
      value: 0
      objectReference: {fileID: 0}
    - target: {fileID: 3991716332470697637, guid: f7352d6d87572c24e95ba5f63d874e6c,
        type: 3}
      propertyPath: m_LocalEulerAnglesHint.y
      value: 0
      objectReference: {fileID: 0}
    - target: {fileID: 3991716332470697637, guid: f7352d6d87572c24e95ba5f63d874e6c,
        type: 3}
      propertyPath: m_LocalEulerAnglesHint.z
      value: 0
      objectReference: {fileID: 0}
    - target: {fileID: 3991716332470697637, guid: f7352d6d87572c24e95ba5f63d874e6c,
        type: 3}
      propertyPath: m_AnchoredPosition.x
      value: 190.20001
      objectReference: {fileID: 0}
    - target: {fileID: 3991716332470697637, guid: f7352d6d87572c24e95ba5f63d874e6c,
        type: 3}
      propertyPath: m_AnchoredPosition.y
      value: -20.2
      objectReference: {fileID: 0}
    - target: {fileID: 3991716332470697637, guid: f7352d6d87572c24e95ba5f63d874e6c,
        type: 3}
      propertyPath: m_SizeDelta.x
      value: 298.6
      objectReference: {fileID: 0}
    - target: {fileID: 3991716332470697637, guid: f7352d6d87572c24e95ba5f63d874e6c,
        type: 3}
      propertyPath: m_SizeDelta.y
      value: 40.4
      objectReference: {fileID: 0}
    - target: {fileID: 3991716332470697637, guid: f7352d6d87572c24e95ba5f63d874e6c,
        type: 3}
      propertyPath: m_AnchorMin.x
      value: 0
      objectReference: {fileID: 0}
    - target: {fileID: 3991716332470697637, guid: f7352d6d87572c24e95ba5f63d874e6c,
        type: 3}
      propertyPath: m_AnchorMin.y
      value: 1
      objectReference: {fileID: 0}
    - target: {fileID: 3991716332470697637, guid: f7352d6d87572c24e95ba5f63d874e6c,
        type: 3}
      propertyPath: m_AnchorMax.x
      value: 0
      objectReference: {fileID: 0}
    - target: {fileID: 3991716332470697637, guid: f7352d6d87572c24e95ba5f63d874e6c,
        type: 3}
      propertyPath: m_AnchorMax.y
      value: 1
      objectReference: {fileID: 0}
    - target: {fileID: 3991716332470697637, guid: f7352d6d87572c24e95ba5f63d874e6c,
        type: 3}
      propertyPath: m_Pivot.x
      value: 0.5
      objectReference: {fileID: 0}
    - target: {fileID: 3991716332470697637, guid: f7352d6d87572c24e95ba5f63d874e6c,
        type: 3}
      propertyPath: m_Pivot.y
      value: 0.5
      objectReference: {fileID: 0}
    - target: {fileID: 8492207307182036677, guid: f7352d6d87572c24e95ba5f63d874e6c,
        type: 3}
      propertyPath: m_textInfo.characterCount
      value: 11
      objectReference: {fileID: 0}
    - target: {fileID: 8492207307182036677, guid: f7352d6d87572c24e95ba5f63d874e6c,
        type: 3}
      propertyPath: m_textInfo.spaceCount
      value: 0
      objectReference: {fileID: 0}
    - target: {fileID: 8492207307182036677, guid: f7352d6d87572c24e95ba5f63d874e6c,
        type: 3}
      propertyPath: m_textInfo.wordCount
      value: 1
      objectReference: {fileID: 0}
    - target: {fileID: 8492207307182036677, guid: f7352d6d87572c24e95ba5f63d874e6c,
        type: 3}
      propertyPath: m_textInfo.lineCount
      value: 1
      objectReference: {fileID: 0}
    - target: {fileID: 8492207307182036677, guid: f7352d6d87572c24e95ba5f63d874e6c,
        type: 3}
      propertyPath: m_textInfo.pageCount
      value: 1
      objectReference: {fileID: 0}
    - target: {fileID: 8492207307182036677, guid: f7352d6d87572c24e95ba5f63d874e6c,
        type: 3}
      propertyPath: m_text
      value: RadioButton
      objectReference: {fileID: 0}
    - target: {fileID: 8492207307182036677, guid: f7352d6d87572c24e95ba5f63d874e6c,
        type: 3}
      propertyPath: m_firstOverflowCharacterIndex
      value: 0
      objectReference: {fileID: 0}
    - target: {fileID: 8492207307182036677, guid: f7352d6d87572c24e95ba5f63d874e6c,
        type: 3}
      propertyPath: m_textAlignment
      value: 513
      objectReference: {fileID: 0}
    - target: {fileID: 8492207307182036677, guid: f7352d6d87572c24e95ba5f63d874e6c,
        type: 3}
      propertyPath: m_margin.x
      value: 30
      objectReference: {fileID: 0}
    - target: {fileID: 8492207307182036677, guid: f7352d6d87572c24e95ba5f63d874e6c,
        type: 3}
      propertyPath: m_margin.z
      value: 0
      objectReference: {fileID: 0}
    - target: {fileID: 8492207307182036677, guid: f7352d6d87572c24e95ba5f63d874e6c,
        type: 3}
      propertyPath: m_enableExtraPadding
      value: 0
      objectReference: {fileID: 0}
    - target: {fileID: 8492207307182036677, guid: f7352d6d87572c24e95ba5f63d874e6c,
        type: 3}
      propertyPath: checkPaddingRequired
      value: 0
      objectReference: {fileID: 0}
    - target: {fileID: 8492207307182036677, guid: f7352d6d87572c24e95ba5f63d874e6c,
        type: 3}
      propertyPath: m_fontAsset
      value: 
      objectReference: {fileID: 11400000, guid: 9a9405abd8a9a2446b68d5a1be3afe8b,
        type: 2}
    - target: {fileID: 8492207307182036677, guid: f7352d6d87572c24e95ba5f63d874e6c,
        type: 3}
      propertyPath: m_sharedMaterial
      value: 
      objectReference: {fileID: 21588734554269080, guid: 9a9405abd8a9a2446b68d5a1be3afe8b,
        type: 2}
    m_RemovedComponents: []
  m_SourcePrefab: {fileID: 100100000, guid: f7352d6d87572c24e95ba5f63d874e6c, type: 3}
--- !u!224 &7389634947815722206 stripped
RectTransform:
  m_CorrespondingSourceObject: {fileID: 3991716332470697637, guid: f7352d6d87572c24e95ba5f63d874e6c,
    type: 3}
  m_PrefabInstance: {fileID: 5902016857293206139}
  m_PrefabAsset: {fileID: 0}
