%YAML 1.1
%TAG !u! tag:unity3d.com,2011:
--- !u!1 &338962571953744895
GameObject:
  m_ObjectHideFlags: 0
  m_CorrespondingSourceObject: {fileID: 0}
  m_PrefabInstance: {fileID: 380869552631345191}
  m_PrefabAsset: {fileID: 0}
  serializedVersion: 6
  m_Component:
  - component: {fileID: 6294808727248336537}
  m_Layer: 0
  m_Name: Missing Prefab (Dummy)
  m_TagString: Untagged
  m_Icon: {fileID: 0}
  m_NavMeshLayer: 0
  m_StaticEditorFlags: 0
  m_IsActive: 1
--- !u!224 &6294808727248336537
RectTransform:
  m_ObjectHideFlags: 0
  m_CorrespondingSourceObject: {fileID: 5913993738495985342, guid: 93bf14a92cf7abf4993816c1babf284a,
    type: 3}
  m_PrefabInstance: {fileID: 380869552631345191}
  m_PrefabAsset: {fileID: 0}
  m_GameObject: {fileID: 338962571953744895}
  m_LocalRotation: {x: 0, y: 0, z: 0, w: 1}
  m_LocalPosition: {x: 0, y: 0, z: 0}
  m_LocalScale: {x: 1, y: 1, z: 1}
  m_Children: []
  m_Father: {fileID: 6924216664082841294}
  m_RootOrder: 1
  m_LocalEulerAnglesHint: {x: 0, y: 0, z: 0}
  m_AnchorMin: {x: 0.5, y: 0.5}
  m_AnchorMax: {x: 0.5, y: 0.5}
  m_AnchoredPosition: {x: 0, y: 0}
  m_SizeDelta: {x: 100, y: 100}
  m_Pivot: {x: 0.5, y: 0.5}
--- !u!1 &5319718418894394722
GameObject:
  m_ObjectHideFlags: 0
  m_CorrespondingSourceObject: {fileID: 0}
  m_PrefabInstance: {fileID: 0}
  m_PrefabAsset: {fileID: 0}
  serializedVersion: 6
  m_Component:
  - component: {fileID: 8380720065514326270}
  - component: {fileID: 8071635537800812582}
  m_Layer: 5
  m_Name: AlertIcon
  m_TagString: Untagged
  m_Icon: {fileID: 0}
  m_NavMeshLayer: 0
  m_StaticEditorFlags: 0
  m_IsActive: 1
--- !u!224 &8380720065514326270
RectTransform:
  m_ObjectHideFlags: 0
  m_CorrespondingSourceObject: {fileID: 0}
  m_PrefabInstance: {fileID: 0}
  m_PrefabAsset: {fileID: 0}
  m_GameObject: {fileID: 5319718418894394722}
  m_LocalRotation: {x: 0, y: 0, z: 0, w: 1}
  m_LocalPosition: {x: 0, y: 0, z: 0}
  m_LocalScale: {x: 1, y: 1, z: 1}
  m_Children: []
  m_Father: {fileID: 7573070281754918580}
  m_RootOrder: 0
  m_LocalEulerAnglesHint: {x: 0, y: 0, z: 0}
  m_AnchorMin: {x: 0, y: 0}
  m_AnchorMax: {x: 0, y: 0}
  m_AnchoredPosition: {x: 0, y: 0}
  m_SizeDelta: {x: 110, y: 110}
  m_Pivot: {x: 0.5, y: 0.5}
--- !u!222 &8071635537800812582
CanvasRenderer:
  m_ObjectHideFlags: 0
  m_CorrespondingSourceObject: {fileID: 0}
  m_PrefabInstance: {fileID: 0}
  m_PrefabAsset: {fileID: 0}
  m_GameObject: {fileID: 5319718418894394722}
  m_CullTransparentMesh: 0
--- !u!1 &5775214122631397957
GameObject:
  m_ObjectHideFlags: 0
  m_CorrespondingSourceObject: {fileID: 0}
  m_PrefabInstance: {fileID: 0}
  m_PrefabAsset: {fileID: 0}
  serializedVersion: 6
  m_Component:
  - component: {fileID: 3896571870808548301}
  - component: {fileID: 4935772313550029220}
  - component: {fileID: 2080126810585996493}
  - component: {fileID: 1146361115518912420}
  - component: {fileID: 1018885772805108427}
  - component: {fileID: 5427189124411721464}
  m_Layer: 5
  m_Name: AlertDescPanel
  m_TagString: Untagged
  m_Icon: {fileID: 0}
  m_NavMeshLayer: 0
  m_StaticEditorFlags: 0
  m_IsActive: 1
--- !u!224 &3896571870808548301
RectTransform:
  m_ObjectHideFlags: 0
  m_CorrespondingSourceObject: {fileID: 0}
  m_PrefabInstance: {fileID: 0}
  m_PrefabAsset: {fileID: 0}
  m_GameObject: {fileID: 5775214122631397957}
  m_LocalRotation: {x: -0, y: -0, z: -0, w: 1}
  m_LocalPosition: {x: 0, y: 0, z: 0}
  m_LocalScale: {x: 0.9882, y: 1, z: 1}
  m_Children:
  - {fileID: 472514864802316697}
  - {fileID: 1778080772447240893}
  m_Father: {fileID: 7573070281167059938}
  m_RootOrder: 1
  m_LocalEulerAnglesHint: {x: 0, y: 0, z: 0}
  m_AnchorMin: {x: 0, y: 0}
  m_AnchorMax: {x: 0, y: 0}
  m_AnchoredPosition: {x: 482.95, y: 0}
  m_SizeDelta: {x: 925.9, y: 436.5}
  m_Pivot: {x: 0.5, y: 0.5}
--- !u!222 &4935772313550029220
CanvasRenderer:
  m_ObjectHideFlags: 0
  m_CorrespondingSourceObject: {fileID: 0}
  m_PrefabInstance: {fileID: 0}
  m_PrefabAsset: {fileID: 0}
  m_GameObject: {fileID: 5775214122631397957}
  m_CullTransparentMesh: 0
--- !u!114 &2080126810585996493
MonoBehaviour:
  m_ObjectHideFlags: 0
  m_CorrespondingSourceObject: {fileID: 0}
  m_PrefabInstance: {fileID: 0}
  m_PrefabAsset: {fileID: 0}
  m_GameObject: {fileID: 5775214122631397957}
  m_Enabled: 1
  m_EditorHideFlags: 0
  m_Script: {fileID: -765806418, guid: f70555f144d8491a825f0804e09c671c, type: 3}
  m_Name: 
  m_EditorClassIdentifier: 
  m_Material: {fileID: 0}
  m_Color: {r: 1, g: 1, b: 1, a: 1}
  m_RaycastTarget: 1
  m_OnCullStateChanged:
    m_PersistentCalls:
      m_Calls: []
    m_TypeName: UnityEngine.UI.MaskableGraphic+CullStateChangedEvent, UnityEngine.UI,
      Version=1.0.0.0, Culture=neutral, PublicKeyToken=null
  m_Sprite: {fileID: 21300000, guid: c1e2dfb5d52abbc48a89e0085c521700, type: 3}
  m_Type: 1
  m_PreserveAspect: 1
  m_FillCenter: 1
  m_FillMethod: 4
  m_FillAmount: 1
  m_FillClockwise: 1
  m_FillOrigin: 0
  m_UseSpriteMesh: 0
--- !u!114 &1146361115518912420
MonoBehaviour:
  m_ObjectHideFlags: 0
  m_CorrespondingSourceObject: {fileID: 0}
  m_PrefabInstance: {fileID: 0}
  m_PrefabAsset: {fileID: 0}
  m_GameObject: {fileID: 5775214122631397957}
  m_Enabled: 1
  m_EditorHideFlags: 0
  m_Script: {fileID: 1573420865, guid: f70555f144d8491a825f0804e09c671c, type: 3}
  m_Name: 
  m_EditorClassIdentifier: 
  m_EffectColor: {r: 0, g: 0, b: 0, a: 0.3137255}
  m_EffectDistance: {x: 1, y: -3}
  m_UseGraphicAlpha: 1
--- !u!114 &1018885772805108427
MonoBehaviour:
  m_ObjectHideFlags: 0
  m_CorrespondingSourceObject: {fileID: 0}
  m_PrefabInstance: {fileID: 0}
  m_PrefabAsset: {fileID: 0}
  m_GameObject: {fileID: 5775214122631397957}
  m_Enabled: 1
  m_EditorHideFlags: 0
  m_Script: {fileID: 1741964061, guid: f70555f144d8491a825f0804e09c671c, type: 3}
  m_Name: 
  m_EditorClassIdentifier: 
  m_HorizontalFit: 0
  m_VerticalFit: 0
--- !u!114 &5427189124411721464
MonoBehaviour:
  m_ObjectHideFlags: 0
  m_CorrespondingSourceObject: {fileID: 0}
  m_PrefabInstance: {fileID: 0}
  m_PrefabAsset: {fileID: 0}
  m_GameObject: {fileID: 5775214122631397957}
  m_Enabled: 1
  m_EditorHideFlags: 0
  m_Script: {fileID: 1297475563, guid: f70555f144d8491a825f0804e09c671c, type: 3}
  m_Name: 
  m_EditorClassIdentifier: 
  m_Padding:
    m_Left: 40
    m_Right: 40
    m_Top: 40
    m_Bottom: 40
  m_ChildAlignment: 3
  m_Spacing: 15
  m_ChildForceExpandWidth: 1
  m_ChildForceExpandHeight: 1
  m_ChildControlWidth: 0
  m_ChildControlHeight: 0
--- !u!1 &6294808727248336538
GameObject:
  m_ObjectHideFlags: 0
  m_CorrespondingSourceObject: {fileID: 5913993738495985341, guid: 93bf14a92cf7abf4993816c1babf284a,
    type: 3}
  m_PrefabInstance: {fileID: 380869552631345191}
  m_PrefabAsset: {fileID: 0}
  serializedVersion: 6
  m_Component:
  - component: {fileID: 4666737781168341128}
  m_Layer: 0
  m_Name: Missing Prefab (Dummy)
  m_TagString: Untagged
  m_Icon: {fileID: 0}
  m_NavMeshLayer: 0
  m_StaticEditorFlags: 0
  m_IsActive: 0
--- !u!4 &4666737781168341128
Transform:
  m_ObjectHideFlags: 0
  m_CorrespondingSourceObject: {fileID: 0}
  m_PrefabInstance: {fileID: 380869552631345191}
  m_PrefabAsset: {fileID: 0}
  m_GameObject: {fileID: 6294808727248336538}
  m_LocalRotation: {x: 0, y: 0, z: 0, w: 1}
  m_LocalPosition: {x: 0, y: 0, z: 0}
  m_LocalScale: {x: 1, y: 1, z: 1}
  m_Children: []
  m_Father: {fileID: 6924216664082841294}
  m_RootOrder: 0
  m_LocalEulerAnglesHint: {x: 0, y: 0, z: 0}
--- !u!1 &7573070281167059939
GameObject:
  m_ObjectHideFlags: 0
  m_CorrespondingSourceObject: {fileID: 0}
  m_PrefabInstance: {fileID: 0}
  m_PrefabAsset: {fileID: 0}
  serializedVersion: 6
  m_Component:
  - component: {fileID: 7573070281167059938}
  - component: {fileID: 8167499573759257030}
  - component: {fileID: 7573070281167059940}
  - component: {fileID: 7573070281167059941}
  - component: {fileID: 7573070281167059945}
  - component: {fileID: 7573070281167059942}
  m_Layer: 5
  m_Name: ResponsiveAlert
  m_TagString: Untagged
  m_Icon: {fileID: 0}
  m_NavMeshLayer: 0
  m_StaticEditorFlags: 0
  m_IsActive: 1
--- !u!224 &7573070281167059938
RectTransform:
  m_ObjectHideFlags: 0
  m_CorrespondingSourceObject: {fileID: 0}
  m_PrefabInstance: {fileID: 0}
  m_PrefabAsset: {fileID: 0}
  m_GameObject: {fileID: 7573070281167059939}
  m_LocalRotation: {x: 0, y: 0, z: 0, w: 1}
  m_LocalPosition: {x: 0, y: 0, z: 0}
  m_LocalScale: {x: 1, y: 1, z: 1}
  m_Children:
  - {fileID: 7573070281754918580}
  - {fileID: 3896571870808548301}
  m_Father: {fileID: 0}
  m_RootOrder: 0
  m_LocalEulerAnglesHint: {x: 0, y: 0, z: 0}
  m_AnchorMin: {x: 0, y: 0}
  m_AnchorMax: {x: 1, y: 1}
  m_AnchoredPosition: {x: 738.1, y: 104.9}
  m_SizeDelta: {x: 0, y: 0}
  m_Pivot: {x: 0.5, y: 0.5}
--- !u!114 &8167499573759257030
MonoBehaviour:
  m_ObjectHideFlags: 0
  m_CorrespondingSourceObject: {fileID: 0}
  m_PrefabInstance: {fileID: 0}
  m_PrefabAsset: {fileID: 0}
  m_GameObject: {fileID: 7573070281167059939}
  m_Enabled: 0
  m_EditorHideFlags: 0
  m_Script: {fileID: 11500000, guid: f05e4696c46b6b842ad11b2f438923a4, type: 3}
  m_Name: 
  m_EditorClassIdentifier: 
  skinData: {fileID: 11400000, guid: 7619c69e1f42e8a46a4af851335a5e94, type: 2}
  AlertTitlePanel: {fileID: 7573070281754918581}
  AlertTitle: {fileID: 6294808727248336538}
  AlertIcon: {fileID: 5319718418894394722}
  AlertDesc: {fileID: 472514864802316696}
  AlertButton: {fileID: 8553799036992887971}
  AlertButtonText: {fileID: 69456336980065634}
  alertType: 0
--- !u!222 &7573070281167059940
CanvasRenderer:
  m_ObjectHideFlags: 0
  m_CorrespondingSourceObject: {fileID: 0}
  m_PrefabInstance: {fileID: 0}
  m_PrefabAsset: {fileID: 0}
  m_GameObject: {fileID: 7573070281167059939}
  m_CullTransparentMesh: 0
--- !u!114 &7573070281167059941
MonoBehaviour:
  m_ObjectHideFlags: 0
  m_CorrespondingSourceObject: {fileID: 0}
  m_PrefabInstance: {fileID: 0}
  m_PrefabAsset: {fileID: 0}
  m_GameObject: {fileID: 7573070281167059939}
  m_Enabled: 1
  m_EditorHideFlags: 0
  m_Script: {fileID: -765806418, guid: f70555f144d8491a825f0804e09c671c, type: 3}
  m_Name: 
  m_EditorClassIdentifier: 
  m_Material: {fileID: 0}
  m_Color: {r: 1, g: 1, b: 1, a: 0}
  m_RaycastTarget: 1
  m_OnCullStateChanged:
    m_PersistentCalls:
      m_Calls: []
    m_TypeName: UnityEngine.UI.MaskableGraphic+CullStateChangedEvent, UnityEngine.UI,
      Version=1.0.0.0, Culture=neutral, PublicKeyToken=null
  m_Sprite: {fileID: 10907, guid: 0000000000000000f000000000000000, type: 0}
  m_Type: 0
  m_PreserveAspect: 0
  m_FillCenter: 1
  m_FillMethod: 4
  m_FillAmount: 1
  m_FillClockwise: 1
  m_FillOrigin: 0
  m_UseSpriteMesh: 0
--- !u!114 &7573070281167059945
MonoBehaviour:
  m_ObjectHideFlags: 0
  m_CorrespondingSourceObject: {fileID: 0}
  m_PrefabInstance: {fileID: 0}
  m_PrefabAsset: {fileID: 0}
  m_GameObject: {fileID: 7573070281167059939}
  m_Enabled: 1
  m_EditorHideFlags: 0
  m_Script: {fileID: 1297475563, guid: f70555f144d8491a825f0804e09c671c, type: 3}
  m_Name: 
  m_EditorClassIdentifier: 
  m_Padding:
    m_Left: 20
    m_Right: 20
    m_Top: 20
    m_Bottom: 20
  m_ChildAlignment: 0
  m_Spacing: 0
  m_ChildForceExpandWidth: 1
  m_ChildForceExpandHeight: 1
  m_ChildControlWidth: 0
  m_ChildControlHeight: 0
--- !u!114 &7573070281167059942
MonoBehaviour:
  m_ObjectHideFlags: 0
  m_CorrespondingSourceObject: {fileID: 0}
  m_PrefabInstance: {fileID: 0}
  m_PrefabAsset: {fileID: 0}
  m_GameObject: {fileID: 7573070281167059939}
  m_Enabled: 1
  m_EditorHideFlags: 0
  m_Script: {fileID: 1741964061, guid: f70555f144d8491a825f0804e09c671c, type: 3}
  m_Name: 
  m_EditorClassIdentifier: 
  m_HorizontalFit: 2
  m_VerticalFit: 2
--- !u!1 &7573070281754918581
GameObject:
  m_ObjectHideFlags: 0
  m_CorrespondingSourceObject: {fileID: 0}
  m_PrefabInstance: {fileID: 0}
  m_PrefabAsset: {fileID: 0}
  serializedVersion: 6
  m_Component:
  - component: {fileID: 7573070281754918580}
  - component: {fileID: 7573070281754918582}
  - component: {fileID: 7573070281754918583}
  - component: {fileID: 7573070281754918585}
  - component: {fileID: 7573070281754918587}
  - component: {fileID: 6826736020180503677}
  m_Layer: 5
  m_Name: AlertTitlePanel
  m_TagString: Untagged
  m_Icon: {fileID: 0}
  m_NavMeshLayer: 0
  m_StaticEditorFlags: 0
  m_IsActive: 1
--- !u!224 &7573070281754918580
RectTransform:
  m_ObjectHideFlags: 0
  m_CorrespondingSourceObject: {fileID: 0}
  m_PrefabInstance: {fileID: 0}
  m_PrefabAsset: {fileID: 0}
  m_GameObject: {fileID: 7573070281754918581}
  m_LocalRotation: {x: 0, y: 0, z: 0, w: 1}
  m_LocalPosition: {x: 0, y: 0, z: 0}
  m_LocalScale: {x: 0.9882, y: 1, z: 1}
  m_Children:
  - {fileID: 8380720065514326270}
  - {fileID: 6924216664082841294}
  m_Father: {fileID: 7573070281167059938}
  m_RootOrder: 0
  m_LocalEulerAnglesHint: {x: 0, y: 0, z: 0}
  m_AnchorMin: {x: 0, y: 0}
  m_AnchorMax: {x: 0, y: 0}
  m_AnchoredPosition: {x: 483.85, y: 0}
  m_SizeDelta: {x: 927.7, y: 129.9}
  m_Pivot: {x: 0.5, y: 0.5}
--- !u!222 &7573070281754918582
CanvasRenderer:
  m_ObjectHideFlags: 0
  m_CorrespondingSourceObject: {fileID: 0}
  m_PrefabInstance: {fileID: 0}
  m_PrefabAsset: {fileID: 0}
  m_GameObject: {fileID: 7573070281754918581}
  m_CullTransparentMesh: 0
--- !u!114 &7573070281754918583
MonoBehaviour:
  m_ObjectHideFlags: 0
  m_CorrespondingSourceObject: {fileID: 0}
  m_PrefabInstance: {fileID: 0}
  m_PrefabAsset: {fileID: 0}
  m_GameObject: {fileID: 7573070281754918581}
  m_Enabled: 1
  m_EditorHideFlags: 0
  m_Script: {fileID: -765806418, guid: f70555f144d8491a825f0804e09c671c, type: 3}
  m_Name: 
  m_EditorClassIdentifier: 
  m_Material: {fileID: 0}
  m_Color: {r: 0.1254902, g: 0.90588236, b: 0.46666667, a: 1}
  m_RaycastTarget: 1
  m_OnCullStateChanged:
    m_PersistentCalls:
      m_Calls: []
    m_TypeName: UnityEngine.UI.MaskableGraphic+CullStateChangedEvent, UnityEngine.UI,
      Version=1.0.0.0, Culture=neutral, PublicKeyToken=null
  m_Sprite: {fileID: 21300000, guid: c1e2dfb5d52abbc48a89e0085c521700, type: 3}
  m_Type: 1
  m_PreserveAspect: 1
  m_FillCenter: 1
  m_FillMethod: 4
  m_FillAmount: 1
  m_FillClockwise: 1
  m_FillOrigin: 0
  m_UseSpriteMesh: 0
--- !u!114 &7573070281754918585
MonoBehaviour:
  m_ObjectHideFlags: 0
  m_CorrespondingSourceObject: {fileID: 0}
  m_PrefabInstance: {fileID: 0}
  m_PrefabAsset: {fileID: 0}
  m_GameObject: {fileID: 7573070281754918581}
  m_Enabled: 1
  m_EditorHideFlags: 0
  m_Script: {fileID: 1573420865, guid: f70555f144d8491a825f0804e09c671c, type: 3}
  m_Name: 
  m_EditorClassIdentifier: 
  m_EffectColor: {r: 0, g: 0, b: 0, a: 0.3137255}
  m_EffectDistance: {x: 1, y: -3}
  m_UseGraphicAlpha: 1
--- !u!114 &7573070281754918587
MonoBehaviour:
  m_ObjectHideFlags: 0
  m_CorrespondingSourceObject: {fileID: 0}
  m_PrefabInstance: {fileID: 0}
  m_PrefabAsset: {fileID: 0}
  m_GameObject: {fileID: 7573070281754918581}
  m_Enabled: 1
  m_EditorHideFlags: 0
  m_Script: {fileID: 1741964061, guid: f70555f144d8491a825f0804e09c671c, type: 3}
  m_Name: 
  m_EditorClassIdentifier: 
  m_HorizontalFit: 0
  m_VerticalFit: 0
--- !u!114 &6826736020180503677
MonoBehaviour:
  m_ObjectHideFlags: 0
  m_CorrespondingSourceObject: {fileID: 0}
  m_PrefabInstance: {fileID: 0}
  m_PrefabAsset: {fileID: 0}
  m_GameObject: {fileID: 7573070281754918581}
  m_Enabled: 1
  m_EditorHideFlags: 0
  m_Script: {fileID: -405508275, guid: f70555f144d8491a825f0804e09c671c, type: 3}
  m_Name: 
  m_EditorClassIdentifier: 
  m_Padding:
    m_Left: 20
    m_Right: 20
    m_Top: 20
    m_Bottom: 20
  m_ChildAlignment: 3
  m_Spacing: 15
  m_ChildForceExpandWidth: 0
  m_ChildForceExpandHeight: 1
  m_ChildControlWidth: 0
  m_ChildControlHeight: 0
--- !u!1 &9048272593784515426
GameObject:
  m_ObjectHideFlags: 0
  m_CorrespondingSourceObject: {fileID: 0}
  m_PrefabInstance: {fileID: 380869552631345191}
  m_PrefabAsset: {fileID: 0}
  serializedVersion: 6
  m_Component:
  - component: {fileID: 6924216664082841294}
  m_Layer: 0
  m_Name: Subtitel (Missing Prefab)
  m_TagString: Untagged
  m_Icon: {fileID: 0}
  m_NavMeshLayer: 0
  m_StaticEditorFlags: 0
  m_IsActive: 1
--- !u!4 &6924216664082841294
Transform:
  m_ObjectHideFlags: 0
  m_CorrespondingSourceObject: {fileID: 0}
  m_PrefabInstance: {fileID: 380869552631345191}
  m_PrefabAsset: {fileID: 0}
  m_GameObject: {fileID: 9048272593784515426}
  m_LocalRotation: {x: 0, y: 0, z: 0, w: 1}
  m_LocalPosition: {x: 0, y: 0, z: 0}
  m_LocalScale: {x: 1, y: 1, z: 1}
  m_Children:
  - {fileID: 4666737781168341128}
  - {fileID: 6294808727248336537}
  m_Father: {fileID: 7573070281754918580}
  m_RootOrder: 1
  m_LocalEulerAnglesHint: {x: 0, y: 0, z: 0}
--- !u!1001 &380869552631345191
PrefabInstance:
  m_ObjectHideFlags: 0
  serializedVersion: 2
  m_Modification:
    m_TransformParent: {fileID: 7573070281754918580}
    m_Modifications:
    - target: {fileID: 5913993738495985341, guid: 93bf14a92cf7abf4993816c1babf284a,
        type: 3}
      propertyPath: m_Name
      value: Subtitel
      objectReference: {fileID: 0}
    - target: {fileID: 5913993738495985342, guid: 93bf14a92cf7abf4993816c1babf284a,
        type: 3}
      propertyPath: m_LocalPosition.x
      value: 0
      objectReference: {fileID: 0}
    - target: {fileID: 5913993738495985342, guid: 93bf14a92cf7abf4993816c1babf284a,
        type: 3}
      propertyPath: m_LocalPosition.y
      value: 0
      objectReference: {fileID: 0}
    - target: {fileID: 5913993738495985342, guid: 93bf14a92cf7abf4993816c1babf284a,
        type: 3}
      propertyPath: m_LocalPosition.z
      value: -0.012
      objectReference: {fileID: 0}
    - target: {fileID: 5913993738495985342, guid: 93bf14a92cf7abf4993816c1babf284a,
        type: 3}
      propertyPath: m_LocalRotation.x
      value: 0
      objectReference: {fileID: 0}
    - target: {fileID: 5913993738495985342, guid: 93bf14a92cf7abf4993816c1babf284a,
        type: 3}
      propertyPath: m_LocalRotation.y
      value: 0
      objectReference: {fileID: 0}
    - target: {fileID: 5913993738495985342, guid: 93bf14a92cf7abf4993816c1babf284a,
        type: 3}
      propertyPath: m_LocalRotation.z
      value: 0
      objectReference: {fileID: 0}
    - target: {fileID: 5913993738495985342, guid: 93bf14a92cf7abf4993816c1babf284a,
        type: 3}
      propertyPath: m_LocalRotation.w
      value: 1
      objectReference: {fileID: 0}
    - target: {fileID: 5913993738495985342, guid: 93bf14a92cf7abf4993816c1babf284a,
        type: 3}
      propertyPath: m_RootOrder
      value: 1
      objectReference: {fileID: 0}
    - target: {fileID: 5913993738495985342, guid: 93bf14a92cf7abf4993816c1babf284a,
        type: 3}
      propertyPath: m_LocalEulerAnglesHint.x
      value: 0
      objectReference: {fileID: 0}
    - target: {fileID: 5913993738495985342, guid: 93bf14a92cf7abf4993816c1babf284a,
        type: 3}
      propertyPath: m_LocalEulerAnglesHint.y
      value: 0
      objectReference: {fileID: 0}
    - target: {fileID: 5913993738495985342, guid: 93bf14a92cf7abf4993816c1babf284a,
        type: 3}
      propertyPath: m_LocalEulerAnglesHint.z
      value: 0
      objectReference: {fileID: 0}
    - target: {fileID: 5913993738495985342, guid: 93bf14a92cf7abf4993816c1babf284a,
        type: 3}
      propertyPath: m_AnchoredPosition.x
      value: 0
      objectReference: {fileID: 0}
    - target: {fileID: 5913993738495985342, guid: 93bf14a92cf7abf4993816c1babf284a,
        type: 3}
      propertyPath: m_AnchoredPosition.y
      value: 0
      objectReference: {fileID: 0}
    - target: {fileID: 5913993738495985342, guid: 93bf14a92cf7abf4993816c1babf284a,
        type: 3}
      propertyPath: m_SizeDelta.x
      value: 263.06
      objectReference: {fileID: 0}
    - target: {fileID: 5913993738495985342, guid: 93bf14a92cf7abf4993816c1babf284a,
        type: 3}
      propertyPath: m_SizeDelta.y
      value: 55.11
      objectReference: {fileID: 0}
    - target: {fileID: 5913993738495985342, guid: 93bf14a92cf7abf4993816c1babf284a,
        type: 3}
      propertyPath: m_AnchorMin.x
      value: 0
      objectReference: {fileID: 0}
    - target: {fileID: 5913993738495985342, guid: 93bf14a92cf7abf4993816c1babf284a,
        type: 3}
      propertyPath: m_AnchorMin.y
      value: 0
      objectReference: {fileID: 0}
    - target: {fileID: 5913993738495985342, guid: 93bf14a92cf7abf4993816c1babf284a,
        type: 3}
      propertyPath: m_AnchorMax.x
      value: 0
      objectReference: {fileID: 0}
    - target: {fileID: 5913993738495985342, guid: 93bf14a92cf7abf4993816c1babf284a,
        type: 3}
      propertyPath: m_AnchorMax.y
      value: 0
      objectReference: {fileID: 0}
    - target: {fileID: 5913993738495985342, guid: 93bf14a92cf7abf4993816c1babf284a,
        type: 3}
      propertyPath: m_Pivot.x
      value: 0.5
      objectReference: {fileID: 0}
    - target: {fileID: 5913993738495985342, guid: 93bf14a92cf7abf4993816c1babf284a,
        type: 3}
      propertyPath: m_Pivot.y
      value: 0.5
      objectReference: {fileID: 0}
    - target: {fileID: 5913993738495985312, guid: 93bf14a92cf7abf4993816c1babf284a,
        type: 3}
      propertyPath: m_textInfo.characterCount
      value: 11
      objectReference: {fileID: 0}
    - target: {fileID: 5913993738495985312, guid: 93bf14a92cf7abf4993816c1babf284a,
        type: 3}
      propertyPath: m_textInfo.spaceCount
      value: 1
      objectReference: {fileID: 0}
    - target: {fileID: 5913993738495985312, guid: 93bf14a92cf7abf4993816c1babf284a,
        type: 3}
      propertyPath: m_textInfo.wordCount
      value: 2
      objectReference: {fileID: 0}
    - target: {fileID: 5913993738495985312, guid: 93bf14a92cf7abf4993816c1babf284a,
        type: 3}
      propertyPath: m_textInfo.lineCount
      value: 1
      objectReference: {fileID: 0}
    - target: {fileID: 5913993738495985312, guid: 93bf14a92cf7abf4993816c1babf284a,
        type: 3}
      propertyPath: m_textInfo.pageCount
      value: 1
      objectReference: {fileID: 0}
    - target: {fileID: 5913993738495985312, guid: 93bf14a92cf7abf4993816c1babf284a,
        type: 3}
      propertyPath: m_margin.z
      value: -280.51337
      objectReference: {fileID: 0}
    - target: {fileID: 5913993738495985312, guid: 93bf14a92cf7abf4993816c1babf284a,
        type: 3}
      propertyPath: m_text
      value: Alert Title
      objectReference: {fileID: 0}
    - target: {fileID: 5913993738495985312, guid: 93bf14a92cf7abf4993816c1babf284a,
        type: 3}
      propertyPath: m_fontColor32.rgba
      value: 4294638330
      objectReference: {fileID: 0}
    - target: {fileID: 5913993738495985312, guid: 93bf14a92cf7abf4993816c1babf284a,
        type: 3}
      propertyPath: m_fontColor.r
      value: 0.98039216
      objectReference: {fileID: 0}
    - target: {fileID: 5913993738495985312, guid: 93bf14a92cf7abf4993816c1babf284a,
        type: 3}
      propertyPath: m_fontColor.g
      value: 0.98039216
      objectReference: {fileID: 0}
    - target: {fileID: 5913993738495985312, guid: 93bf14a92cf7abf4993816c1babf284a,
        type: 3}
      propertyPath: m_fontColor.b
      value: 0.98039216
      objectReference: {fileID: 0}
    m_RemovedComponents: []
  m_SourcePrefab: {fileID: 100100000, guid: 93bf14a92cf7abf4993816c1babf284a, type: 3}
--- !u!1001 &3609081579435944062
PrefabInstance:
  m_ObjectHideFlags: 0
  serializedVersion: 2
  m_Modification:
    m_TransformParent: {fileID: 3896571870808548301}
    m_Modifications:
    - target: {fileID: 4945861087211123933, guid: 5971692359d34d74db42db8e340d11a7,
        type: 3}
      propertyPath: m_Name
      value: Button
      objectReference: {fileID: 0}
    - target: {fileID: 3079067524479118019, guid: 5971692359d34d74db42db8e340d11a7,
        type: 3}
      propertyPath: m_LocalPosition.x
      value: 0
      objectReference: {fileID: 0}
    - target: {fileID: 3079067524479118019, guid: 5971692359d34d74db42db8e340d11a7,
        type: 3}
      propertyPath: m_LocalPosition.y
      value: 0
      objectReference: {fileID: 0}
    - target: {fileID: 3079067524479118019, guid: 5971692359d34d74db42db8e340d11a7,
        type: 3}
      propertyPath: m_LocalPosition.z
      value: 0
      objectReference: {fileID: 0}
    - target: {fileID: 3079067524479118019, guid: 5971692359d34d74db42db8e340d11a7,
        type: 3}
      propertyPath: m_LocalRotation.x
      value: 0
      objectReference: {fileID: 0}
    - target: {fileID: 3079067524479118019, guid: 5971692359d34d74db42db8e340d11a7,
        type: 3}
      propertyPath: m_LocalRotation.y
      value: 0
      objectReference: {fileID: 0}
    - target: {fileID: 3079067524479118019, guid: 5971692359d34d74db42db8e340d11a7,
        type: 3}
      propertyPath: m_LocalRotation.z
      value: 0
      objectReference: {fileID: 0}
    - target: {fileID: 3079067524479118019, guid: 5971692359d34d74db42db8e340d11a7,
        type: 3}
      propertyPath: m_LocalRotation.w
      value: 1
      objectReference: {fileID: 0}
    - target: {fileID: 3079067524479118019, guid: 5971692359d34d74db42db8e340d11a7,
        type: 3}
      propertyPath: m_RootOrder
      value: 1
      objectReference: {fileID: 0}
    - target: {fileID: 3079067524479118019, guid: 5971692359d34d74db42db8e340d11a7,
        type: 3}
      propertyPath: m_LocalEulerAnglesHint.x
      value: 0
      objectReference: {fileID: 0}
    - target: {fileID: 3079067524479118019, guid: 5971692359d34d74db42db8e340d11a7,
        type: 3}
      propertyPath: m_LocalEulerAnglesHint.y
      value: 0
      objectReference: {fileID: 0}
    - target: {fileID: 3079067524479118019, guid: 5971692359d34d74db42db8e340d11a7,
        type: 3}
      propertyPath: m_LocalEulerAnglesHint.z
      value: 0
      objectReference: {fileID: 0}
    - target: {fileID: 3079067524479118019, guid: 5971692359d34d74db42db8e340d11a7,
        type: 3}
      propertyPath: m_AnchoredPosition.x
      value: 149.34
      objectReference: {fileID: 0}
    - target: {fileID: 3079067524479118019, guid: 5971692359d34d74db42db8e340d11a7,
        type: 3}
      propertyPath: m_AnchoredPosition.y
      value: 0
      objectReference: {fileID: 0}
    - target: {fileID: 3079067524479118019, guid: 5971692359d34d74db42db8e340d11a7,
        type: 3}
      propertyPath: m_SizeDelta.x
      value: 0
      objectReference: {fileID: 0}
    - target: {fileID: 3079067524479118019, guid: 5971692359d34d74db42db8e340d11a7,
        type: 3}
      propertyPath: m_SizeDelta.y
      value: 0
      objectReference: {fileID: 0}
    - target: {fileID: 3079067524479118019, guid: 5971692359d34d74db42db8e340d11a7,
        type: 3}
      propertyPath: m_AnchorMin.x
      value: 0
      objectReference: {fileID: 0}
    - target: {fileID: 3079067524479118019, guid: 5971692359d34d74db42db8e340d11a7,
        type: 3}
      propertyPath: m_AnchorMin.y
      value: 0
      objectReference: {fileID: 0}
    - target: {fileID: 3079067524479118019, guid: 5971692359d34d74db42db8e340d11a7,
        type: 3}
      propertyPath: m_AnchorMax.x
      value: 0
      objectReference: {fileID: 0}
    - target: {fileID: 3079067524479118019, guid: 5971692359d34d74db42db8e340d11a7,
        type: 3}
      propertyPath: m_AnchorMax.y
      value: 0
      objectReference: {fileID: 0}
    - target: {fileID: 3079067524479118019, guid: 5971692359d34d74db42db8e340d11a7,
        type: 3}
      propertyPath: m_Pivot.x
      value: 0.5
      objectReference: {fileID: 0}
    - target: {fileID: 3079067524479118019, guid: 5971692359d34d74db42db8e340d11a7,
        type: 3}
      propertyPath: m_Pivot.y
      value: 0.5
      objectReference: {fileID: 0}
    - target: {fileID: 5462769283755810544, guid: 5971692359d34d74db42db8e340d11a7,
        type: 3}
      propertyPath: m_Color.r
      value: 0.07058824
      objectReference: {fileID: 0}
    - target: {fileID: 5462769283755810544, guid: 5971692359d34d74db42db8e340d11a7,
        type: 3}
      propertyPath: m_Color.g
      value: 0.67058825
      objectReference: {fileID: 0}
    - target: {fileID: 5462769283755810544, guid: 5971692359d34d74db42db8e340d11a7,
        type: 3}
      propertyPath: m_Color.b
      value: 0.85882354
      objectReference: {fileID: 0}
    - target: {fileID: 528485119604937175, guid: 5971692359d34d74db42db8e340d11a7,
        type: 3}
      propertyPath: m_AnchorMin.y
      value: 0
      objectReference: {fileID: 0}
    - target: {fileID: 528485119604937175, guid: 5971692359d34d74db42db8e340d11a7,
        type: 3}
      propertyPath: m_AnchorMax.y
      value: 0
      objectReference: {fileID: 0}
    - target: {fileID: 528485119604937175, guid: 5971692359d34d74db42db8e340d11a7,
        type: 3}
      propertyPath: m_AnchoredPosition.x
      value: 109.34
      objectReference: {fileID: 0}
    - target: {fileID: 528485119604937175, guid: 5971692359d34d74db42db8e340d11a7,
        type: 3}
      propertyPath: m_AnchoredPosition.y
      value: 0
      objectReference: {fileID: 0}
    - target: {fileID: 528485119604937175, guid: 5971692359d34d74db42db8e340d11a7,
        type: 3}
      propertyPath: m_SizeDelta.x
      value: 0
      objectReference: {fileID: 0}
    - target: {fileID: 528485119604937175, guid: 5971692359d34d74db42db8e340d11a7,
        type: 3}
      propertyPath: m_SizeDelta.y
      value: 0
      objectReference: {fileID: 0}
    - target: {fileID: 5037983431882209719, guid: 5971692359d34d74db42db8e340d11a7,
        type: 3}
      propertyPath: m_textInfo.characterCount
      value: 6
      objectReference: {fileID: 0}
    - target: {fileID: 5037983431882209719, guid: 5971692359d34d74db42db8e340d11a7,
        type: 3}
      propertyPath: m_textInfo.wordCount
      value: 1
      objectReference: {fileID: 0}
    - target: {fileID: 5037983431882209719, guid: 5971692359d34d74db42db8e340d11a7,
        type: 3}
      propertyPath: m_textInfo.lineCount
      value: 1
      objectReference: {fileID: 0}
    - target: {fileID: 5037983431882209719, guid: 5971692359d34d74db42db8e340d11a7,
        type: 3}
      propertyPath: m_textInfo.pageCount
      value: 1
      objectReference: {fileID: 0}
    m_RemovedComponents: []
  m_SourcePrefab: {fileID: 100100000, guid: 5971692359d34d74db42db8e340d11a7, type: 3}
--- !u!1 &8553799036992887971 stripped
GameObject:
  m_CorrespondingSourceObject: {fileID: 4945861087211123933, guid: 5971692359d34d74db42db8e340d11a7,
    type: 3}
  m_PrefabInstance: {fileID: 3609081579435944062}
  m_PrefabAsset: {fileID: 0}
--- !u!224 &1778080772447240893 stripped
RectTransform:
  m_CorrespondingSourceObject: {fileID: 3079067524479118019, guid: 5971692359d34d74db42db8e340d11a7,
    type: 3}
  m_PrefabInstance: {fileID: 3609081579435944062}
  m_PrefabAsset: {fileID: 0}
--- !u!1 &69456336980065634 stripped
GameObject:
  m_CorrespondingSourceObject: {fileID: 3666152990562571548, guid: 5971692359d34d74db42db8e340d11a7,
    type: 3}
  m_PrefabInstance: {fileID: 3609081579435944062}
  m_PrefabAsset: {fileID: 0}
--- !u!1001 &5768024945589682759
PrefabInstance:
  m_ObjectHideFlags: 0
  serializedVersion: 2
  m_Modification:
    m_TransformParent: {fileID: 3896571870808548301}
    m_Modifications:
    - target: {fileID: 6233705245538862047, guid: 90dc8c81426f7cd43b70b322e995640f,
        type: 3}
      propertyPath: m_Name
      value: Body
      objectReference: {fileID: 0}
    - target: {fileID: 6233705245538862046, guid: 90dc8c81426f7cd43b70b322e995640f,
        type: 3}
      propertyPath: m_LocalPosition.x
      value: 0
      objectReference: {fileID: 0}
    - target: {fileID: 6233705245538862046, guid: 90dc8c81426f7cd43b70b322e995640f,
        type: 3}
      propertyPath: m_LocalPosition.y
      value: 0
      objectReference: {fileID: 0}
    - target: {fileID: 6233705245538862046, guid: 90dc8c81426f7cd43b70b322e995640f,
        type: 3}
      propertyPath: m_LocalPosition.z
      value: 0
      objectReference: {fileID: 0}
    - target: {fileID: 6233705245538862046, guid: 90dc8c81426f7cd43b70b322e995640f,
        type: 3}
      propertyPath: m_LocalRotation.x
      value: 0
      objectReference: {fileID: 0}
    - target: {fileID: 6233705245538862046, guid: 90dc8c81426f7cd43b70b322e995640f,
        type: 3}
      propertyPath: m_LocalRotation.y
      value: 0
      objectReference: {fileID: 0}
    - target: {fileID: 6233705245538862046, guid: 90dc8c81426f7cd43b70b322e995640f,
        type: 3}
      propertyPath: m_LocalRotation.z
      value: 0
      objectReference: {fileID: 0}
    - target: {fileID: 6233705245538862046, guid: 90dc8c81426f7cd43b70b322e995640f,
        type: 3}
      propertyPath: m_LocalRotation.w
      value: 1
      objectReference: {fileID: 0}
    - target: {fileID: 6233705245538862046, guid: 90dc8c81426f7cd43b70b322e995640f,
        type: 3}
      propertyPath: m_RootOrder
      value: 0
      objectReference: {fileID: 0}
    - target: {fileID: 6233705245538862046, guid: 90dc8c81426f7cd43b70b322e995640f,
        type: 3}
      propertyPath: m_LocalEulerAnglesHint.x
      value: 0
      objectReference: {fileID: 0}
    - target: {fileID: 6233705245538862046, guid: 90dc8c81426f7cd43b70b322e995640f,
        type: 3}
      propertyPath: m_LocalEulerAnglesHint.y
      value: 0
      objectReference: {fileID: 0}
    - target: {fileID: 6233705245538862046, guid: 90dc8c81426f7cd43b70b322e995640f,
        type: 3}
      propertyPath: m_LocalEulerAnglesHint.z
      value: 0
      objectReference: {fileID: 0}
    - target: {fileID: 6233705245538862046, guid: 90dc8c81426f7cd43b70b322e995640f,
        type: 3}
      propertyPath: m_AnchoredPosition.x
      value: 0
      objectReference: {fileID: 0}
    - target: {fileID: 6233705245538862046, guid: 90dc8c81426f7cd43b70b322e995640f,
        type: 3}
      propertyPath: m_AnchoredPosition.y
      value: 0
      objectReference: {fileID: 0}
    - target: {fileID: 6233705245538862046, guid: 90dc8c81426f7cd43b70b322e995640f,
        type: 3}
      propertyPath: m_SizeDelta.x
      value: 864.1
      objectReference: {fileID: 0}
    - target: {fileID: 6233705245538862046, guid: 90dc8c81426f7cd43b70b322e995640f,
        type: 3}
      propertyPath: m_SizeDelta.y
      value: 283.9
      objectReference: {fileID: 0}
    - target: {fileID: 6233705245538862046, guid: 90dc8c81426f7cd43b70b322e995640f,
        type: 3}
      propertyPath: m_AnchorMin.x
      value: 0
      objectReference: {fileID: 0}
    - target: {fileID: 6233705245538862046, guid: 90dc8c81426f7cd43b70b322e995640f,
        type: 3}
      propertyPath: m_AnchorMin.y
      value: 0
      objectReference: {fileID: 0}
    - target: {fileID: 6233705245538862046, guid: 90dc8c81426f7cd43b70b322e995640f,
        type: 3}
      propertyPath: m_AnchorMax.x
      value: 0
      objectReference: {fileID: 0}
    - target: {fileID: 6233705245538862046, guid: 90dc8c81426f7cd43b70b322e995640f,
        type: 3}
      propertyPath: m_AnchorMax.y
      value: 0
      objectReference: {fileID: 0}
    - target: {fileID: 6233705245538862046, guid: 90dc8c81426f7cd43b70b322e995640f,
        type: 3}
      propertyPath: m_Pivot.x
      value: 0.5
      objectReference: {fileID: 0}
    - target: {fileID: 6233705245538862046, guid: 90dc8c81426f7cd43b70b322e995640f,
        type: 3}
      propertyPath: m_Pivot.y
      value: 0.5
      objectReference: {fileID: 0}
    - target: {fileID: 6233705245538862041, guid: 90dc8c81426f7cd43b70b322e995640f,
        type: 3}
      propertyPath: m_textInfo.characterCount
      value: 205
      objectReference: {fileID: 0}
    - target: {fileID: 6233705245538862041, guid: 90dc8c81426f7cd43b70b322e995640f,
        type: 3}
      propertyPath: m_textInfo.spaceCount
      value: 34
      objectReference: {fileID: 0}
    - target: {fileID: 6233705245538862041, guid: 90dc8c81426f7cd43b70b322e995640f,
        type: 3}
      propertyPath: m_textInfo.wordCount
      value: 35
      objectReference: {fileID: 0}
    - target: {fileID: 6233705245538862041, guid: 90dc8c81426f7cd43b70b322e995640f,
        type: 3}
      propertyPath: m_textInfo.lineCount
      value: 5
      objectReference: {fileID: 0}
    - target: {fileID: 6233705245538862041, guid: 90dc8c81426f7cd43b70b322e995640f,
        type: 3}
      propertyPath: m_textInfo.pageCount
      value: 1
      objectReference: {fileID: 0}
    - target: {fileID: 6233705245538862041, guid: 90dc8c81426f7cd43b70b322e995640f,
        type: 3}
      propertyPath: m_fontColor32.rgba
      value: 4278846725
      objectReference: {fileID: 0}
    - target: {fileID: 6233705245538862041, guid: 90dc8c81426f7cd43b70b322e995640f,
        type: 3}
      propertyPath: m_fontColor.r
      value: 0.019607844
      objectReference: {fileID: 0}
    - target: {fileID: 6233705245538862041, guid: 90dc8c81426f7cd43b70b322e995640f,
        type: 3}
      propertyPath: m_fontColor.g
      value: 0.019607844
      objectReference: {fileID: 0}
    - target: {fileID: 6233705245538862041, guid: 90dc8c81426f7cd43b70b322e995640f,
        type: 3}
      propertyPath: m_fontColor.b
      value: 0.039215688
      objectReference: {fileID: 0}
    - target: {fileID: 6233705245538862041, guid: 90dc8c81426f7cd43b70b322e995640f,
        type: 3}
      propertyPath: m_fontAsset
      value: 
      objectReference: {fileID: 11400000, guid: 9a9405abd8a9a2446b68d5a1be3afe8b,
        type: 2}
    - target: {fileID: 6233705245538862041, guid: 90dc8c81426f7cd43b70b322e995640f,
        type: 3}
      propertyPath: m_sharedMaterial
      value: 
      objectReference: {fileID: 21588734554269080, guid: 9a9405abd8a9a2446b68d5a1be3afe8b,
        type: 2}
    - target: {fileID: 6233705245538862041, guid: 90dc8c81426f7cd43b70b322e995640f,
        type: 3}
      propertyPath: m_fontSize
      value: 36
      objectReference: {fileID: 0}
    - target: {fileID: 6233705245538862041, guid: 90dc8c81426f7cd43b70b322e995640f,
        type: 3}
      propertyPath: m_fontSizeBase
      value: 36
      objectReference: {fileID: 0}
    - target: {fileID: 6233705245538862041, guid: 90dc8c81426f7cd43b70b322e995640f,
        type: 3}
      propertyPath: m_firstOverflowCharacterIndex
      value: -1
      objectReference: {fileID: 0}
    m_RemovedComponents: []
  m_SourcePrefab: {fileID: 100100000, guid: 90dc8c81426f7cd43b70b322e995640f, type: 3}
--- !u!1 &472514864802316696 stripped
GameObject:
  m_CorrespondingSourceObject: {fileID: 6233705245538862047, guid: 90dc8c81426f7cd43b70b322e995640f,
    type: 3}
  m_PrefabInstance: {fileID: 5768024945589682759}
  m_PrefabAsset: {fileID: 0}
--- !u!224 &472514864802316697 stripped
RectTransform:
  m_CorrespondingSourceObject: {fileID: 6233705245538862046, guid: 90dc8c81426f7cd43b70b322e995640f,
    type: 3}
  m_PrefabInstance: {fileID: 5768024945589682759}
  m_PrefabAsset: {fileID: 0}
